2900 4942
347 405 462 476 0.11.
499 363 861 478 PHLEGMASIAE.
1021 411 1065 509 57

137 565 220 616 mm
230 541 366 615 dicum
377 540 511 616 format
525 542 631 615 :dein
644 597 655 633 ,
666 569 711 616 ex
721 543 1067 644 pbaryngedesoen·

137 661 251 751 dens,
261 661 498 760 superficiem
509 664 694 736 internam
705 666 915 764 oesophagi,
930 669 1066 740 ventri-

19 815 20 820 ,
135 779 231 870 culi,
248 782 534 870 intestinorum„
548 781 623 856 lere
634 783 764 858 eodem
776 786 889 858 modo
901 811 943 860 ae
952 813 1067 860 mem·

132 899 251 972 brana
266 900 449 974 cellularis
467 903 673 978 eorundem
697 929 923 1004 organorum
941 933 1067 1007 super·

131 1016 262 1091 ficiem
273 1033 462 1092 externam
476 1024 680 1094 constituit.
698 1023 833 1095 Eadem
850 1025 1065 1098 membrana

130 1159 296 1226 mucosa,
306 1161 349 1210 ex
358 1138 555 1236 superficie
565 1139 783 1239 genitalium
793 1140 937 1231 reflexa,
948 1165 1063 1214 mem·

124 1253 288 1330 beenan
307 1257 484 1347 urethrae,
501 1261 644 1350 vesicae,
672 1275 881 1350 umerum,
904 1283 1063 1350 unum,

128 1399 203 1446 nee
219 1358 312 1448 'non
344 1378 484 1475 vaginae
504 1401 547 1448 ao
572 1381 670 1451 uteri
696 1381 879 1452 internam
908 1376 1065 1469 format,

126 1493 276 1592 ubique
304 1495 484 1593 exquisite
516 1494 749 1584 sensibilem,
783 1497 833 1570 ob
856 1495 963 1570 villos
996 1513 1063 1570 aut

128 1615 290 1714 papillas
307 1639 457 1688 nerveas
470 1614 651 1714 plurimas
668 1617 808 1716 ubique
826 1619 959 1691 intime
974 1643 1061 1692 oum

128 1760 173 1808 ea
192 1737 416 1810 intertextas.

178 1859 225 1924 In
245 1853 441 1952 superficie
461 1857 625 1954 corporis
641 1871 790 1929 externa
807 1870 928 1929 textus
947 1881 1061 1930 mem·

125 1973 255 2045 hranae
266 1997 422 2046 mucosa
434 1977 550 2074 magis
561 1977 788 2073 compositus
800 1989 869 2065 est,
885 1988 922 2048 et
931 1988 1062 2073 penten

125 2091 288 2165 librillas
319 2091 468 2167 nerveas
495 2097 794 2182 innumerassex
813 2094 942 2166 multis
967 2097 1061 2166 vasis

124 2213 346 2312 sanguineis
358 2229 395 2287 et
411 2213 597 2314 glandulis
613 2217 775 2286 mucosis
794 2228 957 2302 constat,
978 2237 1061 2311 quse

124 2339 170 2407 in
186 2337 289 2408 corio
304 2334 487 2407 substrato
503 2333 655 2434 sepultae
667 2313 811 2431 iacent,
831 2349 868 2405 et
885 2333 1061 2406 ductibus

123 2458 208 2527 suis
226 2456 437 2528 excretoniis
462 2455 716 2528 membranam
733 2477 921 2526 mucosam
941 2451 1061 2552 perso·

125 2589 278 2663 rantes,
305 2576 345 2645 in
367 2574 448 2669 ejus
471 2573 667 2673 superficie
691 2597 846 2646 muoum
866 2573 1058 2671 copiosum

124 2707 342 2767 constanter
349 2707 573 2765 secernunt.

175 2817 237 2888 III.
257 2813 480 2888 Membrana
492 2813 638 2910 fibrosa
659 2833 703 2884 ex
725 2809 831 2884 fibris
853 2811 972 2900 albis,
991 2809 1062 2882 du-

125 2937 201 3024 ris,
219 2932 376 3006 elastiois
393 2934 593 3030 composita
612 2946 678 3002 est.
697 2935 757 3002 Hae
780 2929 901 3020 elne,
929 2955 949 3002 a
968 2928 1063 3001 libra

124 3075 284 3125 nervosa
293 3050 473 3148 exquisite
483 3048 646 3122 sensibili
658 3073 810 3146 oequeao
825 3075 845 3124 a
860 3049 1062 3122 libramus·

123 3171 247 3245 oulari
270 3167 478 3242 eontractili
496 3181 533 3240 et
551 3191 697 3240 summe
714 3165 908 3256 imitabili,
937 3191 1063 3239 essen-

125 3289 267 3362 tialiter
289 3284 499 3377 differunt,
530 3287 632 3386 quod
662 3305 795 3382 panum
818 3285 1063 3356 *eontraetiles

127 3423 181 3495 et,
199 3409 240 3478 in
259 3421 356 3479 statu
372 3405 550 3496 naturali,
568 3431 637 3478 neo
652 3403 841 3476 sensibiles
854 3427 922 3476 nec
939 3405 1062 3476 irrita-

126 3525 222 3598 biles
229 3527 317 3598 sint.
331 3531 411 3598 Haeo
426 3523 640 3598 membrana
649 3523 785 3596 librosa
798 3526 840 3594 in‘
856 3513 1063 3596 extremila·
1157 3580 1159 3594 Α

127 3645 232 3720 tibus
246 3645 503 3742 superioribus
518 3659 556 3716 et
578 3642 918 3717 inferioribus'non
941 3643 1062 3718 solum

127 3762 368 3852 involucrum
386 3765 583 3859 musculis,
609 3765 680 3842 sub
694 3767 847 3850 nomine
860 3763 975 3840 fasciae
995 3777 1061 3836 aut
