2926 4942
344 445 405 542 xij
607 437 1001 542 rnrnonnprro.

343 653 363 691 s
386 616 457 692 tale
486 617 681 716 quippiam
705 575 976 718 -complurilius
1014 617 1168 698 medicis
1196 641 1271 692 usn

342 791 361 830 n
385 759 612 834 venit.Na1n
627 757 788 837 laudant
813 759 966 856 quidem
990 762 1274 858 Hippocratem,

341 933 360 969 »
383 925 426 972 ac
443 895 792 970 medicisomnibus
805 913 1062 996 anteponunt,
1086 915 1129 971 ut
1146 915 1272 972 autem

341 1071 360 1112 >r
384 1038 522 1112 similes
544 1036 600 1108 illi
620 1036 791 1126 evadant,
816 1038 965 1136 quidvis
988 1041 1112 1112 studio
1134 1040 1275 1114 habent

341 1209 362 1248 >i
383 1151 509 1276 potius
523 1200 635 1274 quam
650 1176 734 1267 hoc,
748 1179 892 1275 quippe
903 1179 971 1275 qui
984 1204 1032 1249 ne
1046 1178 1177 1276 legunt
1188 1178 1271 1276 qui-

341 1349 360 1387 s
383 1319 467 1391 dem
490 1317 591 1388 illius
612 1319 767 1414 scripta,
793 1342 863 1387 nec
877 1319 908 1388 si
926 1317 964 1388 id
980 1316 1141 1406 faciunt,
1162 1317 1273 1390 intel-

341 1487 360 1524 ν
386 1453 510 1553 ligunt
525 1479 608 1552 quae
623 1453 826 1532 dicuntur:
842 1470 908 1526 aut
920 1457 951 1526 si
968 1457 1054 1553 quis
1066 1456 1105 1526 id
1119 1480 1272 1553 quoque

340 1628 359 1665 s
384 1609 659 1694 consequatur,
692 1617 771 1666 non
802 1595 974 1693 perducit
1009 1594 1270 1692 speculativam

342 1768 360 1804 s
384 1738 471 1808 artis
499 1737 679 1807 rationem
707 1734 754 1806 ad
780 1737 1066 1832 experientiam,
1105 1749 1148 1805 ut
1181 1758 1273 1804 con-

342 1902 359 1942 n
385 1872 510 1945 firmet
529 1873 632 1972 quod
655 1871 796 1943 didicit.
821 1876 990 1962 Quorum
1010 1875 1040 1942 si
1058 1871 1151 1942 desit
1164 1870 1270 1940 alter·

342 2041 360 2078 J>
385 1993 532 2098 utrum,
555 2034 746 2082 necessum
767 2024 820 2080 est
834 2011 893 2080 sui
909 2011 1073 2082 universi
1087 2007 1202 2082 studii
1217 2021 1270 2080 at·

342 2182 361 2220 »
384 2176 459 2252 que
487 2151 650 2224 instituti
675 2150 753 2224 fine
777 2150 1016 2224 frustretur».

392 2399 458 2468 His
470 2394 609 2468 similes
622 2397 731 2468 etiam
747 2409 838 2466 sunt
857 2392 990 2463 medici
1006 2393 1056 2463 ita
1072 2392 1180 2478 dicti,
1202 2393 1272 2490 qui

343 2561 493 2610 omnem
519 2533 635 2604 aleam
655 2535 744 2606 artis
767 2535 806 2603 in
832 2530 1054 2630 quibusdam
1077 2529 1272 2620 formulis,

342 2688 407 2744 aut
422 2674 461 2743 in
475 2673 750 2770 praescrip-tione
764 2671 1090 2758 venaesectionum,
1117 2668 1272 2766 clysma·

342 2827 449 2901 tum,
474 2788 762 2904 fonticulorum,
790 2827 856 2882 aut
872 2811 1105 2882 decoctorum
1128 2807 1272 2910 planta-

342 2977 449 3040 rum,
466 2977 558 3048 saepe
575 2952 1036 3049 inanium,ponunt.Quid
1045 2954 1116 3044 jam
1131 2952 1270 3021 mirum

343 3106 415 3180 est,
431 3089 533 3188 quod
547 3090 715 3160 homines
729 3090 817 3162 tales
830 3093 901 3188 ipsi
913 3107 1027 3161 artem
1042 3145 1051 3176 ,
1070 3115 1179 3187 quarn
1194 3112 1269 3158 ma·

343 3227 381 3300 lo
399 3227 509 3299 titulo
522 3241 709 3318 exercent,
727 3213 948 3326 despicia‘nt,
966 3226 1082 3298 sibiet
1095 3226 1175 3296 aliis
1187 3250 1268 3321 per-

343 3362 554 3453 suadentes,
575 3364 677 3464 quod
692 3367 818 3437 omnia
836 3364 1009 3452 calleant,
1028 3389 1109 3460 quae
1131 3367 1170 3434 in
1197 3365 1284 3433 Me«

344 3501 465 3578 dicina
487 3504 636 3574 inventa
649 3519 714 3574 aut
729 3506 874 3602 cognita
891 3520 1000 3591 sunt,
1018 3502 1175 3598 acquod
1195 3503 1266 3600 ipsi

345 3671 423 3720 non
437 3645 582 3733 sciunt,
607 3644 654 3717 ab
665 3645 746 3716 aliis
762 3645 938 3717 omnibus
951 3645 1151 3724 nesciatnr;
1174 3642 1267 3712 dnm

345 3807 468 3862 revera
491 3785 636 3880 omnia,
657 3783 843 3860 Medicum
862 3811 1009 3878 verum,
1039 3781 1188 3882 proprie
1212 3779 1271 3853 sie
