2926 4942
334 445 415 540 ω]
652 439 936 518 rnnrnrlo.

389 581 1150 686 Cnsssrsonntrndenique,etnltima‚quae
1159 605 1256 654 mor·

334 698 402 774 bos
417 700 546 774 locales
563 703 865 800 comprehendit,
894 704 935 773 in
950 700 1107 773 Ordines
1129 701 1256 774 decem

335 817 449 890 divisa
462 835 524 892 est.
538 825 581 890 In
603 828 646 889 ι’.
663 817 784 892 Morbi
801 845 979 892 sensuum
1002 833 1254 892 externorum.

335 963 370 1008 2.
388 937 508 1009 Morbi
528 939 628 1010 vocis
646 953 683 1010 et
696 936 861 1038 loquelae.
883 939 921 1042 34
942 937 1062 1012 Morbi
1092 921 1256 1036 partium

332 1058 549 1154 genitalium
569 1059 764 1156 utriusque
779 1081 895 1130 sexus.
923 1060 957 1143 4.
981 1059 1212 1156 Evryangeiae
1228 1085 1258 1130 e.

332 1176 570 1250 Dilatationes
580 1201 750 1250 rasorum
763 1176 951 1252 morbose.
967 1175 1000 1249 5.
1016 1176 1260 1272 Steneungeiae

333 1324 364 1369 s.
380 1298 652 1392 angustationes
664 1320 835 1368 vasorum
853 1295 911 1368 vel
926 1295 1110 1368 canalium
1126 1294 1258 1366 abnor·
1330 1360 1332 1368 .

336 1437 425 1484 mes.
445 1413 478 1484 6.
492 1416 680 1486 Tumores.
699 1439 732 1512 7.
747 1412 930 1511 Ecpbyses
946 1441 975 1485 s.
991 1412 1259 1485 Excrescentiae.

337 1535 372 1608 8.
398 1533 564 1632 Ectopiae.
589 1560 624 1634 9.
638 1534 809 1630 Dialyses.
831 1558 875 1606 ro
895 1533 1057 1630 denique
1079 1530 1259 1606 Deformi-
1302 1593 1308 1602 .

336 1665 426 1723 tates
442 1681 472 1725 c.
487 1655 583 1726 Vitia
596 1654 761 1751 corporis
774 1657 873 1725 varia
890 1667 1139 1725 recensentur.

264 1753 271 1760 ⁸
386 1774 485 1843 Hunc
500 1776 661 1862 Cressis,
686 1799 768 1872 quae
781 1772 929 1846 morbos
942 1773 1176 1872 potissimum
1202 1797 1259 1843 ex·

311 1899 318 1910 '
335 1906 477 1980 ternos,
494 1891 670 1994 chirurgo
685 1895 890 1992 praeprimis
908 1894 1003 1965 scitu
1022 1894 1260 1984 necessarios,

336 2011 501 2080 continet
510 2063 521 2097 ,
538 2005 739 2083 affluimuo
756 2010 910 2110 aliisque
933 2009 1174 2109 scriptoribus
1193 2036 1258 2084 no·

336 2127 503 2225 sologicis
523 2127 700 2200 hactenus
717 2131 868 2201 nonnisi
889 2128 1029 2218 obiter,
1055 2144 1092 2200 et
1113 2153 1259 2202 summe

337 2247 615 2350 superficialiter
625 2265 841 2348 pertractata
855 2247 944 2338 fuit3
959 2249 1059 2350 unde
1077 2246 1140 2339 fit,
1156 2250 1259 2348 quod

337 2365 485 2438 nullum
497 2366 620 2438 adhuc
633 2421 642 2456 ,
654 2383 839 2466 quantum
853 2367 939 2438 novi
951 2364 1176 2465 completum
1190 2390 1262 2462 sys-

337 2503 433 2558 teme
443 2485 636 2583 nosologiae
645 2487 858 2586 chirurgicae
866 2502 972 2560 extet.
982 2485 1260 2560 Hunclahorem

337 2601 471 2678 lubens
484 2606 627 2703 suscepi
641 2634 651 2696 ;
675 2631 722 2676 an
736 2630 831 2704 opus
847 2631 933 2677 cum
957 2631 1124 2708 successu
1144 2605 1260 2708 perfe-

339 2724 450 2794 cerim
466 2778 477 2812 ,
497 2725 568 2796 viri
584 2726 623 2820 in
639 2740 715 2797 arte
728 2727 858 2796 versati
873 2723 1054 2820 judicent.

387 2883 476 2950 Ono.
505 2883 532 2951 1.
557 2883 743 2953 Locsnruu
759 2881 926 2952 continet
947 2880 1094 2952 Morbos
1119 2895 1156 2952 et
1173 2881 1280 2954 vitia.

335 3021 514 3072 sensuum
530 3014 778 3072 externorum.
875 2998 878 3008 '

389 3163 478 3230 Ono.
500 3159 542 3234 ΙΙ.
568 3157 664 3230 Vitia
682 3158 781 3229 vocis
797 3170 834 3227 et
849 3154 1012 3254 loquelae.
1090 3129 1094 3142 ¹

390 3317 482 3390 Onu.
493 3319 554 3390 111.
580 3330 708 3391 tractat
734 3315 780 3391 de
808 3313 1065 3388 obscoenarum
1096 3314 1259 3412 partium

340 3435 477 3524 vitiis,
512 3434 583 3509 sub
618 3433 763 3510 duabus
789 3433 1016 3508 sectionibus
1045 3435 1085 3503 in
1127 3431 1263 3504 duode-

339 3554 412 3628 cim
428 3576 560 3652 genera
574 3552 709 3628 divisis.
723 3554 777 3628 Ad
796 3553 944 3628 morbos
959 3555 1126 3626 virorum
1150 3554 1263 3649 perti-

339 3687 404 3748 net
421 3699 429 3744 t
450 3695 480 3744 1.
494 3675 778 3770 Hyperorgosis,
792 3697 856 3746 seu
873 3670 1101 3744 effrenatum
1121 3672 1161 3741 in
1172 3672 1263 3743 viris

340 3797 460 3866 coitus
478 3790 713 3869 desiderium.
741 3818 774 3866 n.
792 3793 1025 3891 Priapismus
1043 3790 1078 3866 3.
1093 3789 1277 3874 Defectus-
