2926 4942
445 407 831 488 INTRODUCTIO.
1043 419 1105 498 xlv

177 597 323 670 tissimo
348 595 633 678 Pnoucouer
663 597 731 688 (**)
758 595 805 667 ad
833 611 1105 696 symptomata,

179 737 247 810 etsi
273 735 534 822 diversissima,
560 733 667 809 nullo
695 736 807 808 modo
832 740 1104 836 respiciendum

179 897 255 944 esse
293 871 425 963 credo,
460 875 548 972 quia
577 874 652 946 haec
684 877 837 946 nonnisi
869 877 1107 952 accidentalia

182 1023 281 1080 sunt.
310 1014 494 1080 Stuvsors
522 1025 559 1081 et
585 1013 725 1083 Cunrnn
755 1012 817 1083 hie
843 1016 1000 1086 maxime
1026 1041 1110 1114 peo-

77 1161 78 1164 ’
181 1165 332 1244 earunt,
361 1152 498 1247 species
524 1147 683 1226 diversas
706 1176 777 1251 pro
802 1151 1010 1227 diversitate
1032 1157 1108 1228 sola

178 1304 471 1388 symptomatum
494 1291 780 1382 constituentes,
810 1316 888 1366 non
912 1293 1033 1366 solum
1064 1297 1105 1368 in

179 1432 285 1527 praxi
310 1429 478 1520 inutiles,
503 1428 567 1502 sed
592 1453 684 1528 sape
709 1433 820 1504 etiam
846 1433 893 1506 ad
916 1459 1106 1510 erroneam

180 1567 401 1642 methodum
424 1567 598 1640 medendi
612 1567 800 1644 ducentes.

229 1785 374 1884 Species
394 1800 517 1856 autem
540 1787 638 1857 inter
652 1807 689 1858 se
706 1783 926 1861 differentiis
941 1795 1109 1866 essentia·

179 1923 281 1996 libus
301 1907 448 1996 differre
472 1923 625 2016 debent,
642 1927 711 1999 etsi
736 1927 859 2025 quoad
879 1926 1034 2002 formam
1051 1955 1110 2002 ex·

181 2078 326 2134 ternam
341 2075 378 2134 et
387 2073 630 2163 symptomata
643 2089 814 2163 magnam
825 2066 1111 2139 similitudinem

182 2199 428 2301 praeseferant.
465 2204 561 2273 Cum
588 2201 794 2276 similitudo
820 2218 1111 2302 symptomatum

182 2343 225 2414 in
243 2338 384 2412 morbis
400 2355 531 2412 natura
549 2341 707 2426 omnino
720 2337 873 2442 diversis
882 2365 974 2440 stepo
986 2341 1110 2414 locum

179 2479 332 2570 habeat,
356 2477 478 2550 morbi
500 2476 808 2578 symptomatibus
826 2477 985 2578 perfecte
1010 2483 1110 2554 simi-

182 2616 259 2707 les,
280 2642 326 2689 ex
345 2640 453 2692 causa
473 2615 583 2716 longe
600 2617 740 2692 diversa
757 2632 988 2708 emanantes,
1016 2617 1112 2690 mate
1181 2663 1187 2674 ι

183 2758 487 2856 conjunguntur5
498 2756 589 2830 dum
603 2756 725 2828 morbi
739 2772 870 2828 natura
878 2779 1112 2853 congeneres,

183 2898 232 2970 ab
255 2921 333 2968 una
350 2895 550 2994 eademque
567 2921 673 2972 causa
691 2896 871 2970 materiali
893 2895 1111 2996 pendentes,

183 3038 235 3112 ob
247 3036 493 3112 diversitatem
509 3052 800 3137 symptomatum
816 3063 918 3136 aeque
935 3036 1028 3108 male
1041 3033 1111 3106 dis·

181 3180 421 3274 junguntur,
441 3179 567 3276 sicque
583 3178 783 3252 methodus
797 3175 997 3248 artificialis
1012 3196 1112 3246 crea-

188 3333 271 3407 tur,
295 3315 471 3389 methodo
492 3317 652 3391 naturali
668 3339 822 3415 prorsus
835 3314 1013 3413 opposita.

230 3657 291 3734 (⁸¹)
300 3659 387 3720 QG.
403 3659 596 3737 Pheneum,
621 3657 789 3718 Delineatio
803 3655 973 3737 systematis
987 3653 1114 3718 Nosolo·

185 3759 246 3850 gisi
256 3769 373 3828 tuturo
393 3759 625 3838 aooommotiti,
649 3759 743 3834 ivel.
755 3757 856 3837 itt-8⁰,
869 3755 1012 3840 Tubingae
1029 3769 1114 3834 ¹ts¹t
