2926 4942
399 451 413 526 1
676 405 1052 524 iussonucs'io.

397 655 479 730 ques
496 631 536 700 iu
555 626 799 708 determinato
815 653 928 704 eursu
948 627 1071 706 morbi
1089 627 1247 732 alicujus
1264 633 1331 721 ob,-

395 772 543 856 tinent,
572 781 609 838 et
627 791 697 864 pro
711 765 864 842 diversis
880 766 961 862 ejus
984 767 1243 866 temporibus,
1266 773 1328 846 de.

264 991 268 1000 ·
396 907 592 980 terminata
604 903 855 1006 phoenomena
866 919 903 976 et
915 907 1141 983 mutationes
1153 888 1303 982 sistunt.

449 1090 479 1156 A
502 1080 740 1157 varietatibus
761 1081 887 1152 alienae
902 1107 1056 1181 quoque
1069 1101 1160 1157 sunt
1176 1088 1329 1163 Morbo-

395 1251 481 1301 rum
491 1227 709 1313 Mixtiones,
728 1215 1038 1319 compositiones,
1064 1225 1325 1324 complicatio-

394 1393 458 1441 nes
464 1420 479 1455 ‚
494 1388 576 1464 quoe
585 1363 616 1434 si
626 1373 836 1436 constantes
847 1375 937 1432 sunt
951 1375 988 1433 et
1002 1361 1200 1453 evidentes,
1217 1366 1324 1439 indo·

392 1509 466 1579 lem
479 1501 603 1576 morbi
613 1501 704 1590 odeo
714 1513 884 1587 mutant,
908 1514 953 1570 ut
966 1524 1061 1572 nova
1077 1503 1215 1598 speeies
1235 1503 1324 1577 inde

391 1653 561 1741 emergat.
587 1645 653 1712 Eas
674 1663 763 1711 vero
785 1661 916 1710 omnes
938 1652 975 1710 et
1000 1621 1164 1738 singulas
1186 1644 1322 1719 exhau-

388 1785 463 1856 rire
479 1783 540 1854 vix
557 1778 731 1879 possibile
747 1793 801 1852 est
814 1777 873 1877 (*).

439 1959 594 2050 Quoties
611 1981 768 2056 magnus
784 1971 839 2028 est
851 1955 1103 2053 subjectorum
1119 1987 1320 2058 numerus,

388 2100 496 2169 toties
511 2095 558 2168 ad
576 2095 861 2193 intelligentiam
884 2109 921 2170 et
944 2101 1160 2173 memoriam
1184 2103 1316 2198 juvan-

385 2237 470 2308 dam
487 2236 579 2308 ordo
597 2236 821 2309 necessarius
837 2250 914 2322 est,
942 2250 980 2307 et
998 2237 1090 2310 oudo
1106 2239 1146 2308 in
1171 2241 1318 2314 traden·
1343 2227 1348 2236 ’

384 2377 441 2451 dis
457 2379 616 2450 scientiae
644 2375 879 2473 dogmatibus
906 2389 1060 2447 vocatur
1084 2381 1318 2474 Metlosedum

384 2539 471 2586 eum
491 2518 618 2611 itaque
638 2537 795 2609 magnus
808 2528 862 2583 est
879 2511 1096 2590 morborum
1114 2543 1316 2612 numerus,

384 2653 424 2720 in
449 2650 599 2722 illorum
617 2650 770 2722 historia
788 2650 964 2724 tradenda
981 2667 1019 2726 et
1032 2656 1246 2752 cognitione
1259 2658 1316 2754 ju·

381 2789 520 2880 venda,
545 2789 744 2862 methodus
761 2806 816 2864 est
830 2793 1041 2873 nmeuario.

429 2969 472 3043 V
467 2969 624 3046 ooobula
644 2983 734 3046 sunt
752 2967 918 3041 idearum
942 2985 1153 3043 nostrarum
1180 2974 1313 3072 signa;

378 3108 409 3178 si
430 3129 519 3205 ergo
541 3105 588 3186 ab
610 3105 691 3180 eliis
717 3108 876 3208 intelligi
893 3109 1090 3201 volumus,
1118 3110 1222 3184 valor
1245 3137 1307 3184 vo·

377 3243 597 3324 tubulorum
605 3303 617 3336 ‚
634 3245 774 3346 quihus
795 3249 966 3340 utimur,
984 3251 1031 3321 sit
1057 3247 1154 3322 fixus
1167 3265 1204 3322 et
1219 3276 1309 3322 eon·

376 3399 487 3457 stans.

412 3649 453 3725 (⁸)
474 3649 552 3710 Vide
564 3652 600 3710 de
614 3652 660 3712 his
672 3653 797 3734 diisque
813 3657 966 3736 plun'bus,
989 3657 1024 3715 ad
1045 3657 1122 3718 hane
1139 3680 1203 3720 rem
1221 3679 1306 3740 spen.

260 3791 263 3795 -
369 3750 516 3826 tentibus,
537 3751 649 3836 egregie
666 3755 857 3838 notstnspud
873 3755 1069 3818 clarissimum
1090 3761 1306 3831 Pnoucouen

371 3849 427 3909 loe.
450 3851 503 3911 uit.
