2926 4942
471 431 766 510 PRAEFATIO.
1009 439 1077 538 xiij

151 603 240 654 xum
255 577 408 651 seminis
416 574 596 650 denotans
606 589 643 647 et
653 571 780 646 salsam
789 575 946 648 omnino
955 579 1078 652 morbi

153 700 273 773 ideam
290 709 579 796 representans,
591 695 776 792 expunxi,
794 717 881 766 eum
895 695 935 766 in
949 697 1082 772 morbo

155 822 206 892 sic
226 819 422 890 nominato
445 835 569 886 revera
591 837 669 884 non
693 835 840 900 semen,
865 813 928 884 sed
950 837 1083 890 muous

156 963 200 1010 ex
221 934 375 1008 uretbra
393 945 618 1005 excernatur.
630 971 680 990 -
695 931 862 1004 eroum
871 933 995 1006 morbo
1016 957 1083 1006 no·

156 1081 244 1128 men
263 1051 522 1149 cbolerrbngiae
535 1049 668 1122 melius
688 1063 895 1146 competere
910 1065 1014 1148 puto.
1026 1091 1084 1108 -
1151 1143 1157 1152 .

159 1173 290 1248 Morbo
308 1170 380 1244 sub
395 1170 549 1243 nomine
559 1173 691 1266 fluxus
708 1171 870 1266 hepatiei
885 1183 951 1242 aut
966 1173 1084 1248 nsorbi

109 1331 111 1339 2
157 1297 256 1389 nigri
267 1289 314 1362 ab
326 1286 541 1362 auctoribus
553 1285 758 1384 descripto,
783 1299 853 1359 ets
867 1289 999 1362 Grecis
1010 1317 1084 1366 rec·

159 1412 234 1481 tius
245 1403 769 1504 Meloenoappellato,nomen
781 1405 1086 1510 Melaenorrbogiae

159 1528 280 1602 indidi
298 1555 308 1617 ;
335 1527 518 1625 precipue
537 1546 623 1596 eum
643 1521 766 1596 fluxus
786 1523 848 1597 bio
863 1525 1087 1630 plenumque

160 1673 239 1720 non
261 1671 306 1717 ex
327 1644 487 1741 hepate,
516 1640 579 1714 sed
596 1642 722 1740 potius
742 1665 786 1714 ex
807 1641 904 1716 liene
930 1660 968 1718 et
992 1649 1087 1722 vasis

161 1763 365 1837 meseraicis
390 1776 513 1833 ortum
528 1783 639 1832 suum
651 1758 774 1834 ducat.

209 1899 420 1988 Diabetem,
446 1923 559 1997 quam
574 1899 712 1970 Cnnmn
724 1897 770 1969 ad
784 1923 946 1998 spasmos
958 1900 1088 1995 refert,

163 1999 299 2090 rectius
317 2015 364 2086 ad
384 2014 606 2114 apokenoses
622 2017 807 2114 pertinere
823 2017 944 2090 credo.
954 2025 1089 2097 -No-

166 2161 253 2208 men
265 2135 494 2232 Urorrhagiae
507 2133 638 2206 melius
650 2149 821 2208 naturam
838 2135 953 2233 hujus
967 2140 1089 2212 morbi

166 2256 361 2356 exprimit,
392 2277 503 2352 quam
526 2256 688 2328 diabetes
708 2267 775 2326 aut
798 2257 973 2350 dipsacos
995 2273 1090 2332 vete-

169 2399 275 2462 rum,
304 2389 349 2444 ut
364 2398 410 2444 ex
425 2373 643 2471 etymologia
659 2386 772 2472 patet.

223 2510 301 2584 Sub
319 2513 481 2584 Sectione
497 2515 606 2582 tertia
622 2508 736 2604 hujus
748 2507 907 2600 ordinis,
922 2517 1095 2588 excretio·

171 2656 237 2705 nes
259 2631 462 2702 humorum
490 2627 776 2719 involuntarias,
798 2627 909 2728 vulgo
930 2637 1094 2708 luconti-

172 2752 316 2824 nentias
326 2747 456 2837 dictas,
465 2747 665 2820 introduxi.
678 2749 898 2846 Hucpraeter
908 2751 977 2825 alia
990 2761 1096 2853 Sper-

172 2869 368 2959 mncrasia,
396 2889 461 2940 seu
478 2864 601 2938 fluxus
620 2867 772 2938 seminis
793 2866 982 2944 abnormis
999 2888 1097 2946 recte

174 2989 347 3088 pertinet.

225 3192 317 3260 Ono.
331 3187 377 3257 Π.
395 3187 663 3282 Dysecerisium
680 3187 846 3258 eontinet
859 3189 1098 3284 Episelreses,
1190 3190 1192 3204 '

178 3333 243 3384 seu
270 3308 558 3380 retententiones
587 3320 653 3378 aut
681 3307 956 3402 suppressiones
981 3333 1101 3384 exoer·

180 3428 404 3510 nendorum.
431 3426 500 3497 Hic
528 3423 625 3496 nibil
648 3423 766 3496 babeo
793 3423 894 3522 quod
910 3449 1102 3522 moneam,

182 3551 254 3640 nisi
273 3545 376 3645 quod
390 3542 566 3619 omnibus
581 3543 791 3642 generibus,
808 3544 878 3617 sub
890 3545 961 3620 hoc
972 3549 1106 3622 oniine

181 3664 619 3758 recensitis,vooebulum
630 3669 740 3740 Ischo
748 3689 892 3764 semper
902 3671 1104 3765 praeposui,
1215 3672 1221 3681 ’
1324 3673 1326 3680 '

134 3900 138 3912 Ι
182 3791 276 3870 dum
307 3789 526 3871 recentiores
549 3785 675 3888 plures
701 3787 824 3880 idem,
854 3785 969 3884 'modo
996 3791 1107 3888 genio
