2926 4942
430 447 807 554 INTRODUCTIO.
983 455 1092 528 xxxix

157 627 327 726 corporis
345 625 521 698 morbum
536 627 764 726 producant,
783 629 840 702 uti
853 629 1035 728 praecipue
1049 634 1092 704 iu

157 761 385 863 quibusdam
422 762 616 860 epidemiis
644 763 891 838 observamus.
921 765 1090 856 Quando·

155 930 252 1004 que,
275 918 472 1002 postquam
488 927 597 976 rausa
610 920 757 976 externa
775 903 888 976 semel
911 903 1088 978 morbum

155 1043 352 1133 excitavit,
376 1043 438 1114 hic
459 1041 506 1116 ad
528 1045 587 1116 sui
601 1042 716 1114 finem
731 1068 849 1140 usque
865 1044 1007 1144 pergit,
1020 1044 1092 1116 etsi

155 1201 268 1258 causa
288 1185 369 1280 ejus
390 1185 649 1282 pmcatarctica
670 1183 789 1256 ablata
817 1183 953 1272 fuerit;
985 1185 1088 1284 quod

154 1327 317 1399 maxime
336 1327 377 1396 in
394 1323 559 1398 febribus
573 1323 796 1425 quibusdam
814 1325 1002 1416 videmus,
1020 1325 1088 1400 ubi

125 1466 292 1538 ‘reactio
314 1465 494 1564 generalis
519 1467 723 1562 systematis
750 1463 930 1538 fibrarum
955 1465 1087 1540 motri·

155 1609 260 1680 cium
280 1621 317 1678 et
332 1631 532 1679 nervorum
562 1606 753 1680 abnormis
775 1609 991 1700 continuat,
1018 1611 1089 1682 etsi

155 1773 265 1822 causa
279 1763 443 1842 externa,
456 1774 539 1845 quae
553 1746 692 1820 febrem
709 1750 902 1838 excitavit,
919 1773 995 1822 uon
1009 1773 1087 1820 am·
1175 1763 1178 1773 '

153 1889 257 1989 plius
271 1901 374 1986 agat;
390 1887 452 1960 sed
464 1887 677 1988 frequenter
689 1891 817 1980 etiam,
839 1891 870 1961 si
887 1888 963 1962 baec
977 1914 1086 1962 causa

154 2041 306 2098 externa
318 2023 503 2116 subsistit,
519 2040 557 2097 et
569 2025 735 2100 medicus
748 2000 828 2100 eam
847 2052 926 2099 non
944 2025 1087 2118 aufert,

154 2163 310 2238 morbus
325 2165 446 2236 curari
460 2167 604 2263 nequit.
618 2166 836 2263 Exemplum
849 2165 941 2238 dant
958 2165 1082 2238 dialei·

153 2329 255 2404 pyrae
263 2303 310 2376 ab
318 2301 477 2376 effluviis
490 2301 786 2403 paludosisortae,
798 2303 1088 2402 apnoeasphyria

152 2467 199 2516 cx
220 2469 306 2542 gaze
329 2445 484 2535 nocim,
509 2443 730 2542 athymiaex
746 2468 903 2516 moerore
923 2445 1083 2543 produc·

151 2598 191 2656 ta
202 2599 272 2659 etc.
284 2597 351 2658 etc.
360 2587 404 2653 In
418 2598 578 2681 utroque
592 2605 676 2654 casu
686 2607 779 2682 saepe
791 2607 937 2656 summu
948 2585 1086 2660 Medici

150 2723 410 2825 perspicacitas
439 2719 644 2821 requiritur
675 2721 721 2793 ad
757 2719 1082 2819 dignoscendum,

153 2885 326 2960 quaenam
352 2859 487 2932 harum
518 2883 713 2932 causarum
734 2859 1011 2960 praeponderet‚
1038 2875 1085 2934 ut

154 2999 332 3074 morbum
348 2997 527 3072 debellare
545 3015 668 3099 queat.
1030 2973 1035 2980 ¹

201 3221 297 3292 Cum
323 3241 431 3289 causa
461 3219 630 3316 proxima
658 3195 781 3286 morbi
793 3215 1016 3314 plerumque
1036 3241 1086 3290 eu

160 3379 343 3426 concursu
361 3377 555 3426 causarum
576 3331 801 3426 remotarum
816 3353 959 3442 oritur,
979 3377 1085 3427 mor·

157 3492 332 3592 bussaepe
351 3491 517 3590 tollitur,
540 3495 572 3566 si
597 3517 711 3566 causac
737 3495 819 3590 ejus
841 3492 1081 3586 auferantur3

155 3632 221 3706 sed
235 3658 321 3708 cum
343 3657 449 3707 causa
471 3635 638 3732 proxima
661 3657 752 3730 sape
769 3632 898 3725 lateat,
917 3649 1045 3732 utpote
1058 3660 1088 3706 aa

154 3789 251 3852 statu
274 3776 441 3876 corporis
462 3776 612 3848 interno
629 3769 867 3872 dependens,
887 3773 1085 3850 indicatio
