2926 4942
159 1363 245 1494 Eu
274 1413 416 1488 novum
445 1411 644 1512 Itosologiae
660 1413 876 1490 methodieae
898 1424 1088 1518 systema,

139 1532 233 1607 'sere
251 1533 340 1622 ute,
363 1530 473 1631 quale
491 1533 623 1630 prexin
645 1533 824 1608 medinam
846 1537 991 1628 iniens,
1016 1568 1088 1642 pro

158 1678 232 1733 usu
247 1677 334 1730 meo
354 1665 577 1752 exoptantem
589 1663 654 1739 ,et
676 1651 780 1748 quod
798 1653 838 1725 in
858 1673 1091 1754 perscrutan.

162 1774 220 1844 die
247 1788 378 1849 natum
401 1786 438 1844 et
460 1771 578 1846 causis
604 1769 823 1845 morborum
846 1776 1089 1860 utilissimum

158 1892 254 1964 mihi
272 1889 382 1963 tuisse
399 1913 615 1989 persuasum
632 1889 760 1963 habeo.

208 2015 393 2084 Numerus
425 2007 679 2099 morborum,
716 2010 857 2110 quibus
887 2011 1091 2112 homines,

161 2131 346 2228 praecipue
364 2129 402 2199 in
429 2126 621 2226 populosis
647 2129 882 2204 societatibus
905 2133 1018 2207 simul
1037 2137 1090 2208 vi·

160 2263 309 2331 ventes,
332 2245 489 2342 subjecti
503 2260 612 2336 sunt,
630 2245 721 2318 adeo
736 2271 893 2346 magnus
906 2263 979 2338 est3
994 2273 1092 2322 mor·
1116 2233 1119 2240 ’

160 2366 278 2464 bique
293 2390 384 2464 saepe
398 2364 488 2438 facie
501 2380 649 2438 externa
664 2365 821 2458 similes,
840 2367 965 2441 indole
980 2383 1017 2442 et
1030 2393 1093 2443 na·

160 2501 247 2558 tura
258 2501 381 2556 tamen
391 2481 600 2582 plurimum
613 2482 812 2574 differunt,
831 2486 881 2558 ita
896 2502 939 2560 ut
951 2488 1095 2564 Medion

158 2607 323 2705 juniori,
348 2620 383 2676 et
410 2629 487 2677 non
510 2627 591 2678 mro
610 2605 720 2676 etiam
742 2607 905 2704 practico
924 2631 1098 2680 consum·
1199 2665 1202 2672 .

162 2742 265 2798 mato
279 2723 430 2808 difficile
441 2726 508 2811 sit,
525 2746 587 2794 eos
599 2725 696 2795 inter
709 2747 747 2796 oe
760 2726 831 2796 rite
847 2723 1098 2824 distinguere3

161 2871 183 2918 n
205 2871 284 2944 quo
311 2836 434 2916 tamen
466 2841 568 2916 fonte
589 2841 668 2914 solo
691 2857 789 2916 recta
810 2857 847 2916 et
869 2841 996 2922 efficax
1017 2871 1099 2923 me·

162 2967 281 3040 dendi
300 2968 392 3037 mtio
409 2963 603 3062 dependet.

215 3093 268 3159 Ex
285 3087 353 3157 hac
370 3109 477 3157 causa
496 3083 628 3156 Medici
648 3082 796 3182 plures,
819 3082 950 3156 saeeulo
966 3109 1097 3182 praeee·

168 3203 303 3290 dente,
332 3218 524 3293 systemata
552 3202 770 3290 morborum
798 3200 957 3273 condere
983 3215 1098 3273 tenta·

169 3338 279 3411 runt,
301 3341 382 3420 quse
399 3347 476 3394 non
495 3321 617 3393 solum
637 3318 787 3392 morbos
799 3343 929 3390 omnes
941 3318 1011 3392 nub
1025 3343 1100 3392 cer·

169 3443 219 3514 tis
236 3441 411 3514 classibus
432 3457 468 3512 et
485 3437 680 3514 ordinibus
697 3437 887 3524 redactos,
912 3463 954 3510 ac
972 3440 1012 3512 in
1034 3459 1101 3538 ge·

171 3587 261 3634 nera
277 3577 317 3634 et
332 3564 468 3660 species
486 3561 623 3631 divisos
636 3558 1012 3659 comprehenderent,
1038 3557 1103 3632 ned

174 3684 286 3757 etiam
306 3698 410 3754 notas
433 3669 762 3772 characteristico,
791 3673 930 3782 quibus
947 3680 1045 3752 inter
1066 3699 1105 3750 se

174 3801 377 3904 differunt,
399 3815 672 3877 enumerarem.

905 3941 933 3986 6
