2808 4936
327 477 348 586 f
374 473 444 568 546
498 483 564 549 ou.
583 477 650 548 111.
668 476 916 588 ursanum.
931 435 1226 547 mursense(

375 622 511 698 siderio
530 633 595 691 aut
620 616 811 688 aversione
840 613 942 713 apud
964 637 1052 685 eum
1074 628 1317 686 concontratae

369 755 580 816 versantur.
601 735 791 808 blaniacus
806 757 900 832 saepe
929 733 1047 832 probe
1074 737 1318 806 ratiocinatur

371 865 467 935 circa
487 858 638 947 omnia,
659 869 810 956 excepto
829 854 999 950 subjecto
1016 856 1222 954 peculiari3
1243 860 1317 928 imo

369 979 595 1054 etiam-bene
615 975 711 1046 circa
729 970 918 1069 objectum
937 975 1149 1073 peculiare,
1177 975 1249 1048 sed
1277 1002 1318 1047 ex

369 1104 467 1202 l'alsis
486 1097 681 1198 praemissis
703 1096 963 1173 racioeiuatur.
984 1101 1028 1166 In
1053 1091 1195 1167 delirio
1233 1121 1317 1167 con·

370 1241 426 1296 tra
444 1221 532 1293 ideae
547 1219 623 1290 sere
638 1239 769 1289 omnes
781 1214 1027 1312 perturbatae,
1047 1232 1084 1287 et
1105 1217 1189 1288 sine
1214 1242 1312 1288 nexu

370 1357 476 1430 sunt,
508 1336 696 1434 simulque
716 1355 862 1432 semper
877 1334 935 1406 vel
959 1333 1071 1406 febris
1098 1335 1229 1426 adest,
1256 1335 1314 1407 vel

370 1462 583 1533 functiones
601 1456 770 1558 quaedam
795 1457 962 1553 corporis
989 1457 1102 1528 simul
1131 1457 1224 1529 laesae
1251 1473 1316 1529 aut

369 1580 525 1654 turbatae
547 1591 751 1676 apparent,
770 1576 862 1647 dum
878 1579 1038 1648 maniaci
1056 1577 1314 1675 utplurimum

372 1718 451 1774 toto
477 1717 655 1797 corpore,
688 1711 842 1794 excepto
882 1699 1046 1769 sensorio
1084 1701 1314 1786 communi,

367 1822 467 1894 bene
481 1819 632 1894 habent.

419 1941 632 2026 Illusiones,
647 1961 731 2034 qnae
744 1923 908 2006 maniam
926 1937 1166 2006 constituunt
1180 1951 1220 2007 et
1233 1961 1317 2034 pro

365 2065 536 2149 ducunt,
554 2061 748 2158 praecipua
764 2072 853 2128 sunt
867 2083 874 2125 :
890 2049 1111 2153 Arrogantia
1127 2107 1137 2144 ,
1155 2059 1319 2148 vanitas,

365 2187 447 2272 ira,
473 2179 660 2268 vindicta,
693 2191 759 2248 aut
787 2176 951 2272 suspicio
981 2175 1048 2262 vel,
1066 2191 1315 2276 contemptus

365 2303 525 2376 aliorum
542 2358 552 2392 ,
579 2289 832 2397 utplurimum
848 2321 892 2367 ex
908 2299 1026 2367 animi
1050 2299 1314 2396 passionibus,

362 2421 587 2493 educatione
607 2439 685 2488 non
708 2415 835 2487 debite
863 2414 1083 2503 refraenatis,
1108 2418 1309 2528 oriundae,

366 2541 457 2612 hinc
473 2541 635 2610 actiones
652 2544 689 2608 et
712 2541 963 2636 expressiones
980 2537 1171 2630 violentae,
1197 2537 1314 2612 furio·
1395 2543 1396 2550 '

365 2689 434 2750 sae,
458 2686 540 2758 quae
555 2655 730 2729 morbum
750 2679 842 2758 saepe
854 2643 1098 2734 comitantur.

409 2779 534 2852 Mania
561 2777 776 2874 frequenter
796 2803 942 2850 summa
963 2777 1175 2850 anaestbesia
1198 2781 1311 2879 stipa·

360 2916 445 2991 'tur3
474 2901 660 2999 praecipue
691 2922 732 2970 ea
762 2900 924 3000 species,
946 2897 985 2970 in
1009 2911 1083 2997 qua
1107 2919 1215 2972 mens
1235 2904 1308 2973 uni

359 3023 470 3109 ideae,
486 3035 553 3091 aut
566 3007 694 3119 paucis
710 3021 837 3116 solum¹
847 3016 938 3092 ideis
962 3022 1128 3110 intenta,
1157 3046 1178 3091 a
1198 3022 1305 3093 nulla

365 3143 441 3214 fere
471 3140 542 3213 alia
575 3142 818 3237 impressione
845 3133 1008 3214 'externa
1043 3138 1232 3230 afficitur;
1265 3157 1309 3212 ut

362 3260 570 3359 praeprimis
590 3260 630 3328 in
644 3259 768 3332 mania
782 3259 949 3358 religiosa
965 3275 1002 3330 et
1019 3261 1059 3329 in
1076 3257 1310 3349 Martyribus

365 3379 627 3465 observamus,
649 3379 689 3448 iu
707 3378 848 3474 quibus
867 3379 947 3453 idea
965 3377 1151 3451 felicitatis
1163 3395 1230 3450 aut
1246 3399 1310 3452 re-

364 3499 637 3570 munerationis
665 3513 807 3568 aeternae
836 3497 927 3570 adeo
959 3497 1104 3570 fortiter
1134 3513 1304 3570 mentem

362 3631 494 3706 tenet,
520 3635 565 3689 ut
590 3643 658 3689 nec
684 3617 782 3690 ferro
799 3639 867 3690 nec
892 3621 977 3716 igne
998 3615 1236 3707 afficiantur,
1268 3633 1307 3690 et
1391 3629 1392 3682 l

360 3741 576 3836 frequenter
592 3763 659 3834 per
672 3739 799 3836 plures
815 3739 915 3829 dies,
940 3739 1170 3837 quandoque
1188 3741 1306 3810 etiam
1391 3719 1392 3724 ἵ

359 3875 426 3959 per
443 3858 570 3958 plures
582 3859 806 3955 septimanas
820 3910 829 3951 ,
842 3857 889 3934 ab
903 3861 1009 3938 omni
1025 3857 1110 3933 cibo
1124 3874 1195 3932 aut
1204 3873 1305 3956 potu
