2926 4942
385 434 421 534 ,j
713 422 1000 502 ruarmo

446 569 487 637 F.
511 565 667 638 Borssrrn
688 587 735 634 nn
758 567 944 637 Sauvacrs
959 562 1105 662 primus
1121 557 1219 655 fuit,
1251 565 1323 666 qul

391 709 488 786 opus
500 682 571 756 tale
585 680 769 755 elaborare
784 681 945 781 suscepit
957 690 1063 772 (nam
1078 707 1118 756 ea
1131 709 1214 782 qnae
1226 689 1319 762 Pla·

390 820 490 880 terus
501 818 587 876 ante
599 800 706 872 illurn
719 801 891 890 tentavit,
907 801 968 872 vix
981 805 1223 876 attentionem
1241 831 1316 878 me·

343 905 350 926 ’
390 925 535 1008 rentur)
549 945 559 1006 ;
574 917 729 1014 ejusque
744 916 936 1015 Nosologia
951 919 1180 1010 methodica,
1194 926 1320 1020 praeci·

388 1067 465 1141 pue
478 1039 592 1113 editio
607 1062 689 1136 quae
702 1038 742 1108 in
760 1033 908 1108 dnobus
918 1040 1028 1110 tomis
1051 1039 1316 1114 Amstelodami

389 1161 487 1246 in-to
509 1155 601 1256 1768
625 1153 784 1254 prodiit,
801 1156 869 1228 etsi
882 1157 1079 1254 opiniones
1096 1159 1316 1235 theoreticas

389 1279 451 1351 sui
480 1276 656 1374 temporis
685 1297 772 1344 cum
800 1270 905 1346 lactis
930 1289 967 1347 et
998 1274 1318 1352 obseruationibus

387 1397 531 1496 ubique
547 1391 798 1498 intermirtas,
816 1393 980 1491 hincque
989 1394 1065 1490 jam
1080 1395 1198 1468 multa
1212 1399 1318 1472 obso-

384 1517 478 1604 leta,
492 1539 580 1614 vaga
592 1526 659 1586 aut
670 1536 823 1586 erronea
833 1514 1022 1594 contineat
1029 1569 1043 1605 ,
1056 1529 1180 1590 tamen
1192 1517 1318 1592 adhuc

384 1631 497 1710 hodie
512 1634 679 1734 primum
696 1631 821 1704 locum
839 1645 951 1704 tenet.
991 1719 997 1726 ⁶

433 1760 518 1826 Post
533 1775 621 1824 eum
637 1751 983 1841 tresanusvosn,
995 1755 1136 1840 Ssoar,
1154 1753 1314 1845 Cusum,

383 1853 539 1961 Damna,
552 1875 703 1948 Danum
713 1923 723 1958 ,
734 1866 873 1966 aliique
884 1869 1038 1966 eandem
1051 1871 1218 1944 semitam
1231 1875 1316 1948 inn-

384 1991 488 2093 quali
501 2009 669 2097 successu
681 2002 906 2086 presserunt.
917 1991 1018 2061 Inter
1027 1987 1246 2064 hosCumsrt
1260 1993 1316 2064 in·

381 2110 494 2210 genio
506 2124 543 2182 et
553 2106 697 2204 judicio
708 2106 871 2205 practico
881 2109 1066 2200 eminens,
1079 2124 1116 2182 et
1126 2109 1316 2182 redueen-

381 2231 432 2304 do
446 2229 606 2302 numero
624 2250 804 2325 generum
820 2224 1060 2319 morborum,
1083 2227 1313 2328 simplicitati

379 2363 418 2423 et
430 2347 698 2448 perspicacitati
713 2346 871 2418 maxime
883 2345 1055 2438 studens,
1074 2349 1202 2447 plures
1213 2375 1313 2424 erro·

378 2491 438 2544 res
450 2481 487 2540 et
499 2464 976 2565 defectuspraedecessorum
989 2468 1314 2544 suorum'feliciter

378 2585 613 2676 emendavit,
628 2584 691 2658 sed
711 2586 808 2683 ipse,
824 2586 960 2683 partim
978 2610 1022 2661 ex
1038 2587 1312 2686 praedilectione

377 2709 529 2784 theoriae
548 2730 626 2780 non
645 2702 875 2778 sufficienter
893 2704 1085 2802 stabilitae,
1112 2709 1246 2806 partim
1265 2735 1311 2782 ex

376 2826 523 2902 defectu
539 2823 780 2913 eruditionis,
798 2825 933 2922 partim
950 2827 1062 2900 etiam
1077 2852 1121 2900 ex
1140 2829 1311 2927 neglectu

376 2948 514 3044 linguae
525 2969 661 3044 graecae,
676 2944 715 3014 in
729 2967 870 3014 errores
880 2967 1006 3042 graves
1016 2971 1093 3018 non
1103 2971 1241 3045 paucos
1252 2953 1311 3022 in·

377 3063 480 3138 cidit.
498 3065 603 3160 Opus
624 3084 736 3132 suum
757 3076 927 3158 praterea
952 3061 1096 3136 hunnis
1112 3064 1308 3164 plurimis,
1337 3122 1340 3134 .

374 3182 561 3283 praecipue
573 3179 613 3248 in
628 3179 908 3250 enumeratione
923 3183 1146 3278 specierum,
1160 3182 1309 3254 varieta-

374 3321 458 3376 tum
470 3317 508 3374 et
523 3323 717 3374 causarum
731 3298 970 3388 morborum,
985 3315 1113 3385 scatet;
1135 3313 1171 3370 et
1185 3297 1308 3376 classis

321 3451 324 3460 ·
372 3423 455 3518 ejus
468 3422 621 3518 quinta,
637 3445 720 3518 quae
730 3419 880 3492 morbos
891 3419 1020 3495 locales
1033 3421 1201 3492 continet
1212 3476 1222 3508 ,
1232 3421 1305 3496 sub

304 3580 310 3588 ·
371 3541 479 3616 omni
498 3554 666 3636 respectu
685 3537 819 3610 sterilis
842 3554 879 3610 et
896 3559 1025 3610 manca
1048 3541 1235 3612 remansit.
1251 3545 1305 3616 Ne

372 3659 460 3756 quis
482 3681 569 3729 vero
592 3677 652 3728 me
670 3655 857 3751 judicium
879 3672 1142 3755 praeposterum
1162 3657 1208 3730 de
1229 3658 1303 3734 hoc

372 3801 500 3876 opere,
517 3777 626 3875 cujus
638 3777 769 3851 merita
785 3791 956 3852 ceterum
974 3775 1108 3880 lubens
1121 3801 1303 3878 agnosco,
