2848 4938
304 461 368 553 o.
400 474 471 550 111.
505 471 811 554 stonum.
901 510 904 515 ·
962 485 1031 576 tor

103 663 131 714 η.
159 625 215 698 Ab
233 622 429 697 arthritide
459 622 656 721 podagrica
690 638 756 696 aut
787 605 1039 721 rheumatica,

122 765 127 776 ¹
154 741 213 815 vel
231 741 278 814 ab
293 740 511 839 erysipelate
528 741 846 814 retrocedentibus
859 745 926 841 (*).

14 943 17 958 ‚
105 873 140 936 3.
166 863 221 936 Ab
236 861 366 954 oxydis
380 877 447 933 aut
459 861 599 935 salibus
614 866 771 934 arsenici
782 919 791 953 ,
804 864 965 962 plumbi,
977 892 1039 939 cuo

114 1019 118 1026 ·
154 985 240 1083 pri,
264 981 487 1081 hydrargyri
503 995 570 1055 ete.
589 981 790 1079 deglutitis.

106 1137 125 1176 r.
152 1119 180 1177 A
194 1103 475 1176 medicamentis
488 1101 652 1192 acribus,
665 1102 724 1174 vel
741 1105 787 1176 ab
797 1109 962 1182 emeti'cis
974 1123 1040 1182 aut

149 1222 362 1295 catharticis
380 1221 547 1293 drasticis
562 1225 801 1319 assumptis'
867 1231 870 1241 ’
912 1234 914 1242 “

104 1372 132 1409 κ.
160 1339 360 1412 huenenis
374 1343 486 1414 variis
503 1339 795 1438 vegetabilibus
785 1346 948 1450 ingestis.
1057 1439 1062 1443 .

105 1457 217 1529 tab
234 1449 394 1532 effluviis
411 1457 594 1557 paludum
611 1461 752 1549 noxiis,
768 1477 833 1533 aut
848 1485 869 1532 a
887 1465 1042 1535 materia

156 1581 367 1678 contagiosa
395 1578 454 1654 vel
478 1578 768 1654 exanthematica
794 1580 1043 1680 deglutitione

128 1735 130 1743 ·
156 1701 197 1770 in
215 1697 469 1771 ventriculum
485 1697 626 1771 delatis.
1037 1711 1040 1719 '

104 1847 136 1909 μ.
163 1821 192 1888 Α
216 1816 372 1914 pulvere
398 1831 465 1888 aut
497 1815 603 1888 fumo
631 1801 1042 1893 nicotiana-ebacide-

155 1935 334 2034 glutito.
786 1953 789 1961 '

104 2089 133 2130 r.
157 2056 296 2130 Asellis
309 2069 376 2128 aut
390 2053 545 2152 pulvere
559 2054 726 2149 ejusdem
742 2071 892 2130 externe
904 2043 1044 2218 epigas

159 2177 232 2246 trio
250 2174 453 2273 applicatis.

155 2319 219 2412 Sp.
246 2318 299 2388 t
296 2311 530 2430 Gasteralgia
545 2303 766 2392 Asrhentoa.

155 2456 321 2528 Sensatio
340 2453 557 2552 repletionis
577 2469 642 2526 aut
658 2453 835 2554 ponderis
853 2456 893 2526 in
907 2442 1046 2532 ventri·

102 2574 211 2667 culo,
227 2577 413 2675 praecipue
429 2590 514 2674 post
532 2589 680 2672 pastum
690 2600 699 2665 ;
709 2576 856 2673 apepsia
867 2601 876 2664 ;
889 2558 1046 2674 digestio
1136 2612 1139 2619 ·

101 2695 224 2786 lenta,
237 2693 420 2783 difficilis;
435 2695 790 2784 anorexia,nausea‚
800 2694 977 2782 vomitus,
986 2694 1046 2766 tel

101 2813 289 2888 eructatio
301 2815 556 2914 ingestorum,
571 2813 651 2883 sine
665 2811 792 2885 dolore
804 2828 924 2887 acuto.

159 2956 355 3030 Vtram:

49 3117 58 3140 ·
100 3109 138 3149 a.
165 3071 377 3162 Adefectu,
393 3073 547 3162 inertia,
559 3067 626 3143 a'ut
642 3067 774 3144 vitiosa
787 3069 889 3142 succi
900 3070 1049 3167 'gastrici
1169 3137 1173 3148 ,

158 3195 348 3294 qualitate.
689 3257 693 3267 ,
1042 3237 1058 3254 ..

98 3321 137 3410 β.
166 3313 226 3387 ΔΙ)
258 3312 424 3412 ingluvie
456 3306 669 3401 habituali,
715 3323 782 3381 aut
820 3307 1048 3380 distensione

163 3435 282 3506 nimia
300 3448 336 3505 et
350 3427 540 3532 frequenti
557 3427 774 3502 ventriculi.¹

146 3669 157 3739 (
164 3661 198 3737 ⁴)
219 3652 347 3722 Materia
364 3663 521 3744 podagrica
535 3642 708 3724 aberrans
687 3683 762 3742 saepe
774 3661 872 3722 sedem
885 3681 971 3722 suam
985 3661 1057 3742 figit

94 3767 141 3824 in
155 3760 223 3842 ipso
237 3749 426 3837 ventriculos
449 3759 649 3844 quaudoque
640 3783 675 3824 rn
692 3753 799 3842 hepat'c
807 3803 817 3838 ,
841 3761 892 3823 vel
907 3761 997 3824 ctiam
1014 3761 1049 3821 itt

92 3863 345 3946 diaphragmate,
363 3865 508 3946 pulmone
532 3873 622 3926 ete..

187 3990 217 4036 1.
863 3967 922 4034 Ce
