2900 4942
408 423 451 492 Ο.
476 421 506 490 1.
546 421 750 496 FEBRES.
996 419 1044 496 25

116 559 288 646 narium
300 559 545 674 pituitosam
557 558 769 648 afficiente
779 559 914 648 sanies
923 557 1048 648 foeda

117 725 174 782 ex
185 726 287 785 uaso
296 693 503 782 defluens.
514 690 789 812 Quandoque
799 725 903 782 mox
911 695 963 780 ab
972 694 1048 804 ini·

116 829 177 912 tio
190 827 332 912 morbi
345 855 513 914 summa
524 827 689 914 virium
699 827 925 941 prostratio
945 855 1048 912 cum

119 955 250 1071 pulsu
263 955 511 1070 frequente,
529 953 680 1064 debili,
701 956 1068 1065 tremu103inter.

118 1091 225 1180 dum
239 1121 317 1205 per
338 1094 390 1178 24
404 1091 459 1176 ad
474 1091 529 1180 48
547 1089 673 1178 horas
688 1089 834 1178 valida
847 1088 987 1177 cordis
1005 1103 1050 1176 et

119 1222 358 1334 systematis
378 1222 568 1308 arteriosi
588 1222 770 1328 reactio,
796 1221 880 1308 cito
905 1220 1050 1306 subse·

119 1367 278 1467 quente
308 1381 476 1452 summa
510 1353 723 1440 debilitate
750 1386 762 1440 r
787 1353 1046 1469 quandoque

118 1503 217 1600 post
227 1487 419 1601 primum
434 1517 746 1601 paroxysmum
759 1485 892 1574 altero
905 1485 974 1572 dio
988 1515 1048 1572 re·

119 1620 265 1706 missio
280 1619 501 1724 notabilis,
530 1620 605 1705 sed
618 1619 825 1706 redeunte
838 1647 1048 1733 paroxys-

117 1783 191 1839 mo
203 1753 391 1842 secundo
403 1753 713 1842 violentissimo
727 1783 854 1840 mors.
865 1751 1050 1838 -Mou

117 1885 202 1974 bus
228 1879 387 1999 pluries
412 1885 600 1974 eundem
625 1885 849 1978 hominem
879 1883 1047 1976 afficere

119 2051 210 2106 non
228 2049 325 2108 raro
348 2017 611 2111 obser'vatur.

166 2171 223 2246 A.
250 2166 334 2244 The
357 2167 513 2273 Pinguem
534 2168 759 2276 pestilential
787 2167 895 2242 sever.

171 2290 221 2364 G.
247 2291 298 2360 La
318 2303 443 2386 μεως
469 2285 580 2361 fierre
598 2287 869 2386 pestilentielle.

170 2409 239 2480 Ge.
267 2408 334 2488 Die
350 2411 456 2497 Pest3
484 2401 765 2486 dorestfieber.

119 2587 160 2656 o.
189 2567 280 2656 vit
333 2627 338 2638 -
378 2586 713 2658 ocuuoruua.

166 2705 232 2774 Gr.
258 2689 359 2800 opu
375 2701 521 2794 luteus,
548 2701 675 2778 flavus.
693 2703 819 2776 Febris
841 2702 943 2781 flava.

173 2883 326 2969 Febris
345 2885 548 2970 continua
566 2871 767 3002 peracuta
793 2915 848 3000 ες
868 2883 1053 2972 effluviis

117 3014 405 3131 peculiaribus
427 3019 636 3130 oriunda3
665 3018 816 3107 insulis
835 3017 968 3106 Indiae
991 3051 1056 3104 oo·

118 3144 340 3244 oidentalis
359 3151 606 3265 endemica,¹
626 3151 701 3237 sed
722 3150 883 3268 aliquot
898 3151 1054 3239 abhinc

120 3281 243 3368 annis
261 3281 414 3396 saepius
428 3283 474 3368 in
488 3285 574 3368 oris
594 3270 818 3394 maritimis
837 3281 1052 3371 Amerioae

123 3415 490 3528 septentrionalis,
524 3432 566 3500 et
586 3442 728 3530 nuper
746 3415 875 3500 otiam
894 3415 941 3498 in
957 3413 1054 3500 His·

122 3549 260 3661 panias
281 3547 414 3662 plagis
432 3547 667 3662 epidemica
685 3547 752 3656 (Ἴ.
