2900 4942
388 415 436 512 nr
637 422 709 492 cn.
743 421 770 520 ¹.-
803 413 1068 507 eruente,

383 555 885 670 phlegmasiasblennodeset
897 554 1051 630 fibrosas
1064 558 1319 634 concomitans

384 684 447 756 vix
466 702 636 777 unquam
661 678 939 765 communest,
958 673 1022 750 sed
1045 673 1272 775 plerumque
1287 679 1321 752 si

385 823 464 872 non
486 797 617 885 citius,
640 794 768 866 saltem
784 809 869 892 post
888 792 1057 866 triduum
1078 795 1319 893 autquadri-

382 917 529 1003 duum,
544 915 761 1002 remittens,
777 912 835 984 vel
850 913 962 986 etiam
982 915 1320 988 intermittenseva·

382 1033 458 1121 dit,
475 1034 660 1130 precipue
677 1045 874 1129 postquam
892 1028 999 1102 dolor
1015 1030 1137 1104 sedem
1155 1033 1197 1104 in
1214 1046 1319 1130 parte

382 1151 483 1239 fixit3
508 1151 585 1222 imo
600 1148 712 1220 febris
732 1135 825 1222 iunc
841 1173 934 1247 saepe
952 1146 1113 1248 perfecte
1127 1166 1254 1224 cessat.

431 1275 485 1358 4⁰,
499 1271 615 1339 Urina
629 1269 668 1340 in
680 1265 917 1366 phlegmasiis
927 1261 1252 1368 phlegmonodeis,
1266 1273 1318 1344 in·

383 1401 486 1460 tense
504 1384 618 1458 rubra
646 1384 704 1458 vel
727 1381 860 1478 coloris
885 1367 1142 1483 profundioris
1162 1387 1318 1460 estsine
1376 1409 1382 1422 ·

380 1505 563 1581 sedimine
579 1532 586 1574 ε
602 1506 642 1576 in
661 1503 897 1602 phlegmasiis
914 1504 1133 1580 blennodeis
1146 1521 1183 1579 et
1205 1505 1316 1582 fibro-

378 1628 457 1700 sise
471 1638 601 1696 contra
609 1623 850 1723 plerumque,
865 1624 1115 1720 jamsecundo
1130 1638 1196 1699 aut
1207 1630 1317 1704 tertio

380 1742 505 1816 morbi
525 1743 607 1832 die,
628 1741 776 1816 turbida
793 1741 914 1816 evadit
930 1760 967 1819 et
989 1746 1240 1822 sedimentum
1258 1773 1316 1824 co·

380 1867 530 1964 piosum
553 1862 756 1937 lateritium
772 1860 940 1961 deponit.

437 1983 488 2076 5⁰,
510 1985 614 2058 Cutis
640 1985 681 2054 in
695 1982 934 2084 phlegmasiis
956 1985 1220 2074 cellularibus‚
1237 1986 1314 2086 ple·

377 2127 542 2201 rumque
559 2103 654 2175 sicea
670 2128 680 2192 ;
699 2102 740 2173 in
755 2102 917 2178 mucosis
931 2127 1018 2178 vero
1039 2106 1079 2176 in
1094 2129 1228 2203 genere
1244 2105 1316 2181 hu·

379 2221 503 2311 mida,
517 2235 554 2292 et
576 2219 623 2293 ad
637 2219 811 2294 sudorem
825 2219 1001 2320 disposita
1016 2236 1080 2316 est.

419 2341 481 2430 βο,
506 2339 742 2438 Phlegmasiae
770 2338 1075 2438 phlegmonodeae
1096 2339 1314 2440 frequenter

377 2476 416 2532 et
437 2459 542 2532 facile
560 2462 601 2532 in
627 2460 956 2559 suppurationem,
978 2459 1037 2534 vel
1062 2464 1173 2534 etiam
1194 2463 1235 2534 in
1254 2477 1312 2536 tu·

378 2603 520 2652 morem
528 2580 678 2652 visceris
688 2578 846 2670 durum,
859 2580 1065 2680 improprie
1077 2581 1313 2661 skirrhosum

377 2695 543 2784 dictum,
560 2691 717 2786 abeunt3
733 2694 967 2794 phlegmasiae
980 2721 1137 2774 mucosae
1150 2715 1187 2798 et
1200 2699 1314 2776 fibro·

375 2839 423 2888 sae
443 2829 612 2888 econtra
632 2817 694 2886 vix
709 2829 776 2886 aut
792 2840 989 2916 nunquam
1012 2820 1053 2892 in
1075 2823 1313 2921 suppuratio-

375 2956 465 3006 nem
477 2930 619 3006 abeunt
628 2933 715 3026 (nisi
722 2932 791 3006 ubi
799 2957 885 3006 cum
897 2933 1192 3012 inflammatione
1200 2962 1313 3012 mem·

374 3051 500 3128 branc
515 3050 700 3126 ceilularis
720 3053 946 3153 complicatio
960 3062 1088 3150 sunt),
1106 3057 1169 3132 sed
1187 3060 1229 3130 in
1251 3084 1311 3158 ge·

375 3197 465 3246 nere
482 3172 708 3248 resolutione
731 3173 918 3272 simplici,
940 3191 1007 3250 aut
1029 3177 1313 3252 transudatione

374 3298 536 3368 materiae
562 3293 835 3382 albuminosae5
866 3293 924 3368 vel
950 3295 1169 3396 gelatinosae¹
1185 3302 1312 3387 termi-

375 3429 527 3486 nantur.
554 3411 869 3486 Inflammationes
898 3440 1055 3494 mucosae
1080 3417 1313 3523 quandoque

375 3533 486 3606 etiam
499 3533 573 3603 cito
590 3549 906 3630 gangrmnescunt.
1198 3629 1201 3638 Ι

427 3651 978 3752 7⁰,1nomnibusphlegmasiis,
1000 3639 1312 3757 reactionesyste·

376 3773 484 3844 metis
497 3771 619 3846 cordis
630 3787 667 3844 et
680 3775 898 3865 arteriarum
917 3773 1036 3852 valida
1050 3780 1212 3878 stipatis,
1226 3805 1311 3854 san·

1227 3923 1315 3999 guis
