2926 4942
375 453 415 549 ιη·
629 451 1018 526 laraouocmo:

375 633 488 708 tionis
512 646 566 706 est
586 671 597 720 4
623 646 666 704 ut
688 633 788 706 notis
802 635 912 706 certis
925 647 962 705 et
977 631 1233 706 constantibus
1249 637 1308 708 Ιιι4

317 757 321 764 ’
348 751 351 758 ’
376 779 531 852 nitatur.

423 955 534 1026 Notas
547 947 593 1021 ad
610 937 810 1021 definitum
825 949 1099 1047 agnoscendum
1119 966 1155 1022 et
1169 951 1216 1023 ab
1227 952 1310 1024 aliis

377 1088 685 1188 distinguendum
701 1085 868 1185 praebent
888 1089 1013 1160 Genua
1034 1103 1071 1159 et
1093 1089 1309 1187 differentia

378 1233 559 1331 specifica.
591 1229 675 1298 Haec
700 1224 777 1296 duo
800 1249 886 1323 ergo
910 1223 1168 1298 definitionem
1191 1227 1308 1300 conii·

378 1370 495 1440 ciunt.

400 1575 407 1594 ’
431 1551 549 1620 Gerus
562 1549 688 1644 itaque
703 1544 826 1618 morbi
842 1560 895 1618 est
911 1538 990 1641 ejus
1013 1543 1207 1634 definitio,
1240 1571 1307 1620 seu

376 1690 607 1763 enumeratio
625 1688 894 1775 oharacterum‚
926 1684 1065 1783 quibus
1085 1711 1171 1758 cum
1187 1691 1308 1758 omni·

374 1822 447 1898 bus
456 1825 594 1898 morbis
607 1824 772 1920 ejusdem
782 1823 903 1896 classis
912 1838 948 1895 et
959 1821 1101 1895 ordinis
1111 1825 1303 1916 convenit,

374 1991 418 2038 ac
435 1988 582 2054 eorum,
606 1959 745 2062 quibus
764 1961 812 2034 ab
827 1959 899 2032 illis
911 1960 1104 2058 discrepat.

425 2143 483 2215 Ad
494 2165 626 2242 genera
637 2141 854 2213 morborum
863 2138 1074 2211 definienda
1087 2139 1227 2236 optima
1239 2153 1312 2228 est,

376 2303 421 2360 ut
440 2305 552 2385 supra
567 2284 664 2372 dixi,
683 2285 883 2358 Methodas
900 2284 1178 2380 symptomatica
1186 2336 1202 2370 ,
1224 2304 1308 2378 quae

375 2451 398 2497 a
424 2422 679 2522 phaenomenis
712 2397 929 2490 morborum
973 2414 1228 2516 constantibus
1243 2464 1253 2475 -
1269 2433 1308 2490 et

377 2555 686 2657 symptomatibus
695 2553 928 2629 evidentibus
939 2577 1068 2626 eorum
1083 2555 1310 2627 characteres

378 2703 521 2800 repetit.
546 2705 797 2796 symptomata
822 2694 1041 2766 morborum
1066 2712 1155 2768 sunt
1184 2714 1310 2772 muta-

381 2841 499 2909 tiones
525 2821 711 2906 evideutes
730 2848 768 2904 et
783 2832 951 2905 sensibus
965 2832 1097 2924 obviae,
1119 2859 1163 2906 ex
1188 2837 1310 2910 causis

363 2963 596 3046 ¹morborum
613 2969 820 3070 productas,
857 2969 1014 3068 ideoque
1032 2997 1076 3044 ex
1099 2974 1145 3044 iis
1163 2973 1210 3045 ad
1225 2999 1309 3047 cau-

380 3137 504 3187 sarum
521 3110 670 3182 etsedis
684 3109 903 3182 morborum
919 3112 1166 3211 cognitionem
1185 3139 1312 3214 prooe-

381 3251 547 3324 dendum
571 3265 644 3339 est,
667 3273 744 3321 non
768 3273 855 3321 vero
886 3273 930 3320 ex
955 3253 1071 3324 causis
1092 3267 1129 3323 et
1154 3252 1237 3324 sede
1261 3253 1311 3324 ad

380 3410 510 3461 eorum
527 3397 782 3484 symptomata.
801 3387 988 3476 Quoniam
1003 3413 1120 3484 genus
1135 3403 1188 3460 est
1204 3390 1307 3461 simi·

383 3526 504 3596 litudo
520 3527 743 3622 specierum,
760 3526 946 3625 quidquid
966 3527 1170 3600 dictumest
1187 3527 1309 3626 dege·
1391 3561 1396 3568 ·
1451 3493 1452 3506 ἵ

387 3667 689 3754 nere,.oonvenit
712 3668 844 3762 speeiei
861 3675 996 3763 cuique
1015 3668 1128 3764 hujus
1147 3673 1312 3767 generis,

381 3803 551 3902 adeoque
565 3803 670 3902 quod
684 3803 796 3880 semel
807 3803 949 3902 dictum
967 3819 1020 3882 est
1033 3805 1078 3881 de
1091 3827 1223 3904 genere
1238 3831 1309 3882 suo
