2900 4942
392 541 440 588 no
635 513 711 584 CL.
737 513 765 580 1.
804 509 1080 600 PYREXIAE‚

434 684 468 748 y.
493 656 524 722 Α
544 651 687 748 jactura
711 650 864 722 seminis
894 651 1039 741 nimia,
1065 675 1111 722 ex
1135 655 1237 726 coitu
1260 669 1329 728 aut

390 773 653 871 aselgotripsia.

438 894 465 963 δ.
491 895 520 962 Α
539 889 673 962 studiis
692 889 867 977 intensis,
884 889 1070 986 praecipue
1098 886 1324 963 lucubratio·

389 1009 503 1082 nibus
522 1009 730 1081 nocturnis.

437 1161 462 1202 ε.
472 1127 529 1200 Ab
546 1152 619 1200 usu
636 1127 896 1200 simulantium
907 1126 974 1198 diu
986 1129 1217 1200 continuato.

430 1231 1130 1333 t.ilmoerorealiisveanimiaffectibus
1141 1245 1320 1320 tristibus.

389 1397 391 1402 ’
435 1368 508 1448 η.Α
525 1362 661 1463 frigore
676 1365 833 1437 intenso.

381 1551 429 1618 G.
455 1545 522 1618 lv.
619 1537 1013 1614 PHLEGMAPYRA.

435 1669 498 1738 Gr.
525 1669 665 1760 Φλέχμα,
686 1662 834 1760 pituita.

438 1846 590 1934 Febris
602 1861 725 1930 acuta
739 1843 959 1945 continua,
976 1841 1219 1958 compulsu
1237 1843 1316 1930 sre-

384 1999 564 2096 quente,
585 1975 727 2081 molli,
742 2006 905 2090 parve,
923 1977 1077 2084 debili,
1097 2009 1145 2062 ac
1159 1979 1312 2092 pituita

382 2113 626 2200 abundante
639 2141 718 2225 per
728 2125 868 2195 totum
882 2141 1037 2225 corpus
1053 2110 1220 2217 diffusa,
1235 2128 1312 2198 aut

380 2249 509 2334 etiarn
539 2245 649 2331 solas
674 2244 834 2358 primas
864 2243 958 2329 vias
981 2244 1055 2330 vel
1080 2243 1310 2358 pulmones

376 2382 583 2495 primario
593 2375 829 2461 obsidente.
847 2414 900 2440 ··
916 2373 1100 2460 Morbus
1119 2407 1215 2462 sero
1230 2408 1309 2464 au-

377 2529 531 2597 tumne
552 2506 868 2624 phlegmatiois,
901 2503 1173 2611 chloroticis,
1199 2512 1310 2596 seni·

373 2642 486 2746 bus,
526 2653 568 2723 et
596 2637 811 2750 praeoipue
844 2637 1173 2751 spirituosorum
1204 2643 1305 2728 usui

373 2769 696 2886 indulgentibus
719 2767 898 2855 infestus
915 2770 987 2877 (*).

372 2973 454 3040 Suu.
471 2962 598 3036 Febris
616 2963 803 3058 pituitosa.
827 2966 932 3037 stou.
955 2964 1018 3064 (⁴¹⁵)

410 3225 452 3302 (³⁸)
467 3223 500 3284 si
517 3221 585 3303 qul·
592 3211 671 3282 bane
683 3221 798 3284 febrem
809 3224 908 3304 potius
919 3245 975 3306 pro
988 3229 1087 3309 speeie
1095 3230 1305 3316 mtbenopym

367 3324 535 3387 habendam
549 3341 609 3382 esse
617 3320 873 3396 contentiuhnic
881 3326 936 3384 vix
943 3325 1037 3388 babeo
1045 3329 1126 3408 quod
1134 3351 1303 3412 opponam

367 3432 399 3483 et
409 3423 444 3481 in
461 3423 518 3482 hoo
526 3441 596 3480 satu
608 3419 883 3500 athenopyrmin
900 3423 1066 3506 simplicem
1085 3427 1300 3508 epitritum

365 3523 588 3603 distinguerem.

405 3619 467 3698 (⁴⁴³)
487 3620 561 3678 Huc
571 3616 681 3692 febris,
704 3637 781 3698 sepe
792 3638 862 3680 eum
871 3619 1003 3682 inform
1016 3623 1159 3703 pituitoso
1174 3625 1299 3709 pulmo-

364 3741 460 3796 num,
485 3718 617 3799 lreputis,
640 3718 754 3778 oerebri
768 3727 822 3781 eto.
842 3718 961 3799 innota,
976 3723 1167 3804 phlegmatis·
1187 3726 1298 3792 borum

359 3825 508 3884 vamum
524 3817 679 3901 pituitosos
692 3819 860 3916 constituit.
878 3819 957 3886 Vide
969 3823 1188 3906 Pthgmastoe.
1234 3835 1237 3844 “
