2900 4942
374 411 417 480 Ο.
447 411 496 478 ΙΙ.
533 399 882 478 PHLEGMASIAE.
1045 405 1093 482 53

174 575 1094 608 mmmmm

166 727 364 785 runcum
381 725 775 784 rsrnsuusrmms
796 725 853 781 nr
870 725 1094 783 orsurus-

220 863 377 922 mouns
408 859 635 918 raacrrcc
665 859 723 914 nn
751 857 1094 921 rurnauuarm-

220 992 353 1052 rusus
377 993 427 1052 nc
455 991 648 1056 cruere.
894 959 898 965 ’

166 1183 457 1341 paroecus,
484 1275 550 1324 seu
573 1248 906 1324 inflammationem
928 1251 969 1322 in
991 1262 1095 1348 parte

165 1383 313 1442 externa
324 1371 487 1468 corporis
498 1369 620 1441 adesse
630 1369 943 1466 cognoscimusex
956 1365 1095 1456 calore,

164 1504 329 1579 tumore,
343 1488 497 1577 rubore,
513 1503 550 1560 et
561 1485 688 1560 dolore
702 1488 818 1584 partis
831 1483 968 1558 assectas
982 1512 991 1556 ε
1009 1510 1095 1560 ean·

84 1641 88 1662 ι
162 1603 307 1678 demin
324 1621 428 1704 parte
447 1609 593 1681 interna
625 1607 790 1704 corporis
810 1605 935 1678 locum
958 1601 1094 1677 habere

159 1725 371 1823 judicamus
391 1753 435 1811 ex
455 1730 659 1803 sensatione
684 1717 816 1800 calorii
837 1739 874 1798 et
895 1724 1033 1798 doloris
1051 1727 1093 1798 in

160 1860 266 1944 parte
274 1843 421 1937 affecta,
438 1848 592 1944 ejusque
602 1845 795 1920 functione
813 1844 909 1934 laesa,
930 1841 1093 1941 plerum·

160 1991 237 2064 que
259 1989 345 2038 cum
367 1967 481 2066 pulsu
503 1967 612 2052 solito
629 1965 898 2066 frequentiore,
927 1977 965 2036 et
982 1964 1093 2036 urina

160 2082 387 2184 profundius
400 2083 568 2160 colorata

175 2261 182 2272 .
210 2207 327 2280 Causa
340 2208 505 2303 proxima
519 2204 822 2300 inflammationis
835 2208 910 2276 sive
925 2222 1093 2298 externae,

159 2325 236 2394 sive
248 2325 421 2412 internae,
438 2323 661 2422 plerumque
672 2339 725 2396 est
737 2323 912 2396 stimulus
923 2326 1095 2417 irritans,

161 2441 351 2516 chemious
367 2442 423 2516 vel
445 2443 694 2516 mechanicus.
718 2445 879 2517 Irritatio
906 2445 1093 2520 moderata

160 2560 430 2638 oscillationem
447 2561 735 2660 frequentiorem
746 2587 937 2652 vasorum,
951 2580 987 2635 et
1006 2564 1094 2636 inde

162 2696 308 2754 motum
329 2679 542 2754 celeriorem
563 2681 767 2754 humorum
789 2706 831 2754 ac
846 2686 1089 2756 secretionem

97 2828 99 2840 ¹
160 2801 339 2894 maJ‘orem
356 2801 513 2896 inparte
523 2800 674 2889 excitat;
689 2798 791 2872 unde
803 2816 948 2891 tumor,
964 2801 1094 2890 rubor,

160 2919 285 3008 dolor,
306 2944 349 2991 ac
367 2920 485 3010 calor,
508 2933 545 2992 et
562 2944 641 2992 non
663 2944 746 2992 raro
763 2920 923 3018 pulsatio
944 2920 1094 2994 evidens

161 3040 201 3110 in
224 3053 330 3136 parte
350 3035 487 3110 affecta.
517 3037 590 3142 Uiri
614 3062 701 3111 vero
719 3040 876 3110 irritatio
894 3037 970 3108 haec
982 3037 1095 3108 vehe-

161 3160 328 3232 mentior
350 3171 427 3246 est,
450 3183 543 3256 saepe
572 3159 862 3244 contractionem
892 3155 1095 3253 spasmodi·

160 3301 242 3348 carn
264 3299 338 3362 ⁴seu
366 3277 668 3348 constrictionem
694 3297 866 3346 vasorum
892 3271 1092 3369 perfectam

159 3411 305 3485 causat3
319 3395 438 3485 unde,
455 3411 562 3466 motu
576 3395 768 3492 sanguinis
780 3415 940 3491 pertunsa
949 3395 1097 3466 minora

158 3538 376 3613 suppresso,
389 3517 541 3587 secretio
551 3515 674 3586 omnis
693 3537 771 3584 non
789 3537 873 3584 raro
887 3513 1092 3610 impeditur

160 3648 198 3706 et
218 3634 360 3704 siccitas
388 3633 502 3729 partis
523 3627 658 3704 affectae
688 3629 870 3728 compieta
891 3634 1022 3704 oritur.
1048 3635 1096 3710 In

160 3751 249 3838 eliis.
259 3747 617 3832 inflammationibus
627 3750 967 3828 vehementioribus
980 3773 1097 3849 quau„-

869 3874 901 3945 D
928 3869 950 3944 3
999 3895 1004 3918 ¹
