2802 4936
327 447 373 516 Ο.
400 446 446 516 ΙΙ.
472 443 792 518 ErlscHEsns
829 532 837 552 x
941 441 1022 545 *557

141 621 202 720 Sp.
222 641 257 695 n.
273 622 432 719 Dysuria
459 623 679 696 Uretlrrolic;

148 803 319 871 Vanrar
338 824 411 898 pro
437 825 555 872 causa
579 813 745 884 remoto:

100 990 129 1031 α.
150 959 203 1031 ΑΙ)
222 958 533 1048 inflammatione,
546 959 812 1050 excoriatione,
829 976 894 1034 aut
907 960 1028 1033 ulcere

147 1078 315 1150 urethrae.
894 1081 896 1090 ’
1017 1083 1039 1104 “’

99 1201 131 1289 β.
154 1201 183 1268 Α
200 1195 489 1294 blennorrhagia
503 1195 673 1270 urethroe.

100 1344 130 1408 y.
153 1327 181 1385 A
198 1315 471 1412 compressione
491 1311 674 1400 urethrae:

152 1458 181 1507 1.
207 1438 274 1505 Per
290 1448 454 1505 tumores
470 1411 622 1505 vicinos.

150 1563 186 1622 2.‘
209 1553 277 1622 Per
291 1566 455 1622 tumores
472 1549 734 1648 glandularum
753 1539 922 1624 urethrae.

150 1674 183 1740 3.
209 1673 276 1741 Per
294 1685 480 1740 tumorem
500 1684 678 1767 prostatae.
783 1735 788 1750 ,

101 1785 129 1861 t.
154 1792 182 1861 Α
197 1791 333 1861 stenosi
349 1787 518 1860 urethrae.
971 1861 975 1868 ,

102 1939 126 1979 ε.
154 1907 210 1978 Ab
225 1903 483 1978 excrescentiis
502 1921 568 1978 aut
585 1905 796 1979 carunculis
812 1897 982 1982 urethrae.

100 2039 128 2112 ζ.
154 2025 207 2097 ΑΙ)
222 2023 345 2096 ulcere
362 2022 533 2096 urethrae.
928 2032 931 2044 '

102 2177 131 2226 η.
157 2143 403 2219 Acallositate
416 2142 588 2216 urethrae.
669 2236 672 2247 Ι

56 2259 72 2267 ’
105 2275 139 2340 ἓ).
156 2272 185 2338 Α
201 2264 391 2338 vermibus
411 2243 583 2338 urethrae.
734 2349 738 2356 ἡ

104 2419 125 2460 ι.
152 2383 410 2484 Accrpcribus
420 2381 626 2484 peregrinis
641 2373 680 2453 in
693 2380 883 2457 urethram
899 2364 1041 2460 irirmis·

153 2510 203 2578 sis
218 2520 285 2576 aut
298 2505 464 2576 intrusis.
798 2495 800 2502 ¹
834 2495 840 2501 ’
931 2519 934 2526 ’

106 2660 135 2699 κ.
160 2632 188 2699 Α
203 2626 410 2724 peregrinis
429 2626 468 2767 ip
481 2622 633 2696 urethra
647 2623 872 2711 haerentibus
889 2656 898 2698 ε
924 2653 1039 2726 pure,
1087 2621 1090 2626 ¹

153 2769 283 2834 muc0,
312 2766 446 2841 giumo
460 2746 671 2842 sanguinis,
698 2745 850 2837 sabulo,
877 2749 1040 2837 calculo,

153 2863 241 2962 pilis
254 2876 320 2934 etc.
760 2847 763 2854 “
915 2939 921 2948 ,

105 2991 132 3056 λ.
151 2976 209 3055 ΑΙ)
220 2977 652 3052 haemorrhoidibuscum
661 2983 778 3055 vesica
787 2999 853 3063 cut
866 3009 953 3056 cum
964 3011 1042 3058 ure·

154 3100 238 3174 thra
247 3101 626 3190 communicantibus,
634 3101 880 3190 tumentibus,
891 3101 949 3173 vel
958 3126 1042 3175 mu-

156 3247 242 3295 cum
256 3236 321 3292 aut
333 3222 553 3318 sanguinem
565 3222 605 3290 in
617 3231 697 3291 eant
714 3219 990 3291 evacuantibus.

106 3377 137 3438 μ.
166 3347 192 3416 A
206 3343 358 3415 materia
374 3340 614 3429 rheumatica,
624 3340 833 3438 podagrica,
847 3338 1042 3436 erysipela-

154 3483 251 3552 tosa‚
264 3463 450 3561 herpetica
460 3478 536 3547 etc,
551 3459 814 3548 retrocedente,
826 3457 872 3531 ad
886 3460 1042 3544 vesicam

153 3585 213 3659 vel
231 3583 422 3658 urethram
440 3581 569 3655 delata.

108 3738 134 3778 ν.
161 3706 215 3779 ΑΙ)
228 3705 340 3777 urina
356 3705 443 3777 acri.
535 3683 541 3690 ’

108 3827 136 3908 ξ.
161 3831 190 3899 Α
206 3824 377 3900 cerevisia
392 3848 470 3895 non
487 3821 604 3920 probe
618 3819 836 3896 fermentata
847 3835 1047 3920 assumpto

218 3967 247 4014 1.
847 3946 878 4011 R
