2900 4942
330 427 373 496 0.
403 425 453 494 11.
488 425 852 502 PHLEGMASIAE.
1009 433 1057 534 59

126 579 272 648 omnes,
288 561 439 658 pytexia
452 561 621 658 stipatas,
633 563 792 654 metius,
808 579 854 638 ut
867 589 994 666 spero,
1015 572 1056 641 in

124 689 199 749 tres
214 679 394 751 sectiones
405 677 669 778 dispeseimus:

179 833 230 906 ι’,
246 823 291 890 ln
302 809 765 917 Phlegmasaasoelltilares,
781 847 847 898 seu
858 823 1059 925 phlegmo-

123 936 282 1030 uodeas3

176 1093 231 1167 αθ,
245 1081 290 1150 In
303 1076 548 1177 Phlegmasias
562 1103 746 1172 mucosas,
759 1105 824 1154 seu
840 1080 1060 1172 blennodesi

176 1207 231 1301 3⁰,
249 1217 292 1284 In
308 1215 552 1314 Phlegmasias
569 1217 743 1309 fibrosas,
767 1245 833 1292 seu
849 1218 990 1292 inodes.

176 1355 240 1424 1³ae
269 1351 581 1430 inflammationes
610 1357 763 1430 demum
788 1361 887 1430 varie
907 1360 1006 1430 inter
1023 1380 1062 1430 se

11 1483 12 1486 ’
125 1476 351 1574 compositas
373 1493 438 1552 aut
460 1477 697 1579 complicatas
716 1503 793 1554 esse
816 1503 922 1578 posse
938 1477 1063 1578 quivis

127 1591 236 1667 facile
254 1597 439 1696 intelligit.
565 1605 569 1614 '

177 1713 493 1789 Inflammationes
506 1732 685 1807 externas,
694 1739 788 1815 saepe
798 1718 877 1790 sine
889 1714 990 1791 febre
1000 1742 1062 1817 ap·

126 1851 319 1932 parentes,
337 1833 409 1914 sub
422 1837 521 1910 clv
542 1837 589 1908 ad
606 1843 785 1910 Tumores
807 1835 1059 1936 relegavimus.

128 1951 377 2052 Phlegmasias
407 1957 532 2053 itaque
561 1979 626 2031 seu
655 1953 967 2027 inflammationes
995 1977 1063 2055 PY'.

128 2071 232 2144 rexia
248 2072 397 2171 stipatas
406 2093 418 2159 ¹,
435 2097 517 2171 quae
533 2073 705 2144 ordinem
724 2086 893 2144 nostrum
904 2095 1062 2170 praesen·

128 2207 208 2262 tem
224 2173 480 2280 constituunt,
503 2192 743 2264 essentialiter
759 2207 796 2264 et
817 2191 900 2264 sede
922 2192 1065 2264 ratione

128 2309 357 2384 membranae
370 2309 523 2402 affectae,
539 2327 576 2384 et
589 2309 765 2384 methodo
777 2308 951 2384 medendi
967 2311 1067 2386 inter

129 2457 171 2506 se
183 2429 397 2506 differentes
410 2429 613 2505 dividimus
626 2457 635 2502 :

187 2574 217 2641 1.
238 2573 289 2644 In
297 2571 902 2666 Pategmasiaspttegmonodeas,
917 2593 983 2642 seu
998 2570 1068 2641 eel-

131 2691 297 2780 talares,
321 2711 404 2784 quae
427 2685 548 2759 sedem
569 2710 675 2761 suam
699 2687 741 2758 in
765 2685 981 2778 membrana
1002 2683 1069 2758 cel·

131 2804 272 2896 lulari,
294 2807 430 2900 viseere
443 2819 509 2877 aut
527 2803 703 2904 glandula
728 2827 978 2901 quacunque,
1005 2801 1068 2874 ha·

135 2941 249 3031 bant,
272 2955 311 3014 et
326 2939 549 3042 plerumque
563 2942 638 3016 cito
653 2954 691 3015 et
707 2937 812 3013 facile
829 2940 870 3010 in
884 2951 1069 3036 apostema

135 3060 293 3136 abeunt.

188 3187 320 3274 Quum
333 3209 421 3259 veto
431 3182 646 3256 membrana
658 3177 842 3252 cellularis
854 3199 932 3248 non
949 3169 1070 3244 solum

138 3307 315 3380 cavitates
342 3305 507 3402 corporis
534 3303 690 3397 majores
714 3299 927 3394 visceraque
940 3293 1073 3390 pmci-

141 3451 219 3525 pua
234 3427 276 3496 in
293 3427 528 3498 iis‘eontenta
553 3420 722 3508 investit,
735 3415 922 3488 sedetiam
944 3437 1073 3514 pasen-

144 3561 280 3652 chyma
298 3563 480 3634 viseerum
493 3575 531 3634 et
548 3557 809 3658 glandularum
827 3575 896 3651 pro
913 3553 1074 3624 maxima

143 3693 251 3782 parte
261 3681 473 3769 constituit,
498 3701 566 3751 nee
581 3701 659 3749 non
679 3669 891 3774 superficies
905 3667 1075 3742 articula·

14 3807 16 3814 ’
146 3798 299 3875 tionum
317 3799 527 3890 variarum,
551 3821 594 3871 ac
622 3794 859 3872 involucrum
885 3786 1073 3886 eorporis,
