2908 4938
348 451 392 518 Ο.
417 447 446 518 Ι.
470 446 813 520 APOKENOSES.
913 518 917 527 ,
982 443 1049 518 185

171 609 441 678 Mmonnnaon
454 615 495 692 (a
506 630 559 705 gr.
574 611 660 694 Μὴν,
673 609 778 700 μηνὸς,
791 604 939 690 mensis,
948 602 1051 676 unde

125 714 275 820 Εμμὴνωὶ,
292 708 454 820 Ἑπιμήνω,
471 733 658 820 Rutupina,
674 725 949 812 menstruatio).

175 907 363 974 Menstrua
391 904 528 991 nimia,
562 925 628 974 seu
651 905 833 974 menstrui
862 901 1053 1000 sanguinis

125 1025 284 1096 excretio
294 1021 444 1121 profusa
455 1037 493 1096 et
503 1047 589 1094 cum
605 1024 748 1122 impetu
761 1021 946 1122 prodiens.

123 1221 211 1292 San.
226 1219 527 1319 Hysterorrhagia
540 1220 763 1318 sanguinea,
796 1225 838 1312 (a
858 1244 912 1318 gr.
931 1205 1052 1318 Ῡςέρα,

252 1341 414 1428 uterus).
788 1365 795 1376 ·

222 1456 495 1554 Metrorrhngia.
521 1458 675 1552 Ploueq.

222 1573 478 1673 Menoirhagia
492 1577 529 1650 S.
550 1578 599 1648 l..
620 1577 669 1648 V.
690 1577 784 1648 Cull.

222 1696 446 1768 Loohiorum
465 1693 588 1766 fluxus
610 1689 842 1766 immodicus.
867 1695 980 1772 Auel.

227 1811 407 1904 obortus,
431 1837 496 1886 seu
513 1811 668 1884 abortio.
692 1813 729 1882 S.
747 1813 793 1885 V.

179 2017 234 2094 A.
256 1999 509 2112 Haemorrhage
529 2010 572 2084 of
591 2012 654 2082 the
677 2009 808 2084 womb.

183 2137 229 2206 G.
254 2135 515 2232 Hemorrhagie
539 2130 584 2203 de
600 2130 634 2203 la
649 2132 809 2202 matrice.

184 2249 587 2340 Ge.Mutterblutlluss;
607 2247 939 2323 Mutterblutsturz.

48 2521 52 2533 «
182 2474 225 2548 V
222 2495 371 2548 Astur
377 2499 450 2570 pro
465 2498 582 2546 causa
592 2487 729 2546 remota
737 2527 751 2562 ,

181 2673 446 2778 Praetencausas
467 2668 738 2767 haemorrhagiae
755 2665 958 2765 generales:

129 2885 153 2930 a
189 2851 246 2922 Ab
267 2851 473 2934 irritatione
491 2850 588 2930 uteri
615 2846 723 2920 locali
742 2849 1031 2937 (Emtkistioa):
1145 2873 1147 2880 ·

181 2999 218 3046 a.
243 2974 295 3042 Ex
312 2971 466 3042 venenis
492 2983 557 3039 aut
582 2967 883 3056 medicamentis,
908 2980 1057 3038 uterum

230 3088 478 3177 irritantibus,
494 3086 701 3184 assumptis.
827 3127 831 3140 ·

181 3213 214 3284 h.
240 3213 297 3280 Ex
314 3208 433 3280 abusu
456 3209 743 3305 spirituosorum
775 3199 967 3274 habituali.

179 3357 211 3402 e.
236 3331 292 3398 Ex
312 3323 636 3425 pessariisacribus
651 3324 789 3420 vaginae
806 3318 1009 3418 applicatis.

180 3454 218 3520 cl.
245 3451 302 3518 Ex
319 3447 420 3518 coitu
442 3445 583 3531 nimio,
602 3454 667 3514 aut
681 3437 999 3537 eraselgotripsia.

180 3595 212 3639 e.
238 3571 290 3637 Ex
311 3563 450 3663 polypo
462 3564 559 3636 uteri
575 3559 633 3634 vel
646 3561 794 3658 vaginae.
865 3575 869 3580 ’
944 3595 947 3602 ,

170 3689 211 3784 s.
244 3688 298 3754 Ex
319 3681 441 3758 ulcere
458 3697 523 3755 aut
545 3679 791 3752 eorkinomate
808 3676 916 3749 uteri.

178 3832 215 3908 g.
242 3807 297 3880 Ex
319 3802 500 3900 sanguine
517 3823 690 3898 grumoso
712 3798 753 3873 in
771 3811 877 3870 utero
900 3795 1061 3870 detento.
