2908 4938
343 441 386 508 Ο.
410 439 438 507 Ι.
464 431 814 506 APOKENOSES.
973 431 1046 532 207¹.

166 620 365 694 VAnm
385 643 457 714 pro
479 639 597 690 conso
616 619 777 687 remoto.-

118 827 148 868 α.
173 799 202 866 A
223 785 412 864 debilitate
430 793 540 864 uteri.

117 913 148 1005 β.
173 917 201 985 Α
221 913 362 1012 polypo
381 912 521 1010 vaginae
540 910 599 984 vel
616 913 726 983 uteri.

116 1063 145 1127 γ.
170 1031 224 1103 Ab
243 1029 367 1102 ulcere
386 1044 453 1100 aut
467 1027 716 1123 carkinomate
731 1029 839 1104 uteri.

117 1155 145 1223 δ.
171 1157 200 1224 Α
218 1149 393 1249 prolapsu
408 1151 508 1222 uteri
523 1148 582 1220 vel
595 1150 745 1248 vaginae.

117 1299 141 1340 ε.
171 1269 387 1366 Apesseriis
405 1264 638 1340 irritantibus
653 1269 793 1370 vaginae
811 1268 993 1350 immissis.¹

117 1399 145 1473 ζ.
171 1393 199 1460 A
216 1387 321 1460 fluxu
338 1385 654 1461 haemorrhoidum
673 1410 881 1485 suppresso.

116 1537 145 1587 η.
163 1513 204 1597 ‘A
223 1507 495 1604 compressione
514 1529 695 1578 venarum
724 1529 792 1604 per
815 1519 980 1579 tumores
1002 1507 1051 1580 vi·

168 1627 282 1699 oinos.

115 1751 150 1817 Β.
177 1745 232 1818 Ab
249 1744 545 1818 accumulatione
560 1741 690 1817 faeoum
708 1745 747 1816 in
763 1757 876 1816 moto.

116 1896 136 1935 ι.
175 1869 205 1936 A
227 1863 468 1946 dissolutione
485 1863 677 1964 sanguinis
697 1863 737 1933 in
759 1862 1050 1962 septorrhepyra‚

167 1985 367 2076 scorbuto,
386 1984 528 2085 peliosi.

173 2169 217 2243 V
212 2173 312 2242 ανίαι
322 2182 507 2265 proeterea
527 2172 567 2238 in
583 2167 785 2264 Puerperie
805 2192 819 2235 .·

117 2383 149 2427 α.
173 2352 204 2421 A
223 2371 368 2447 spasmo
392 2346 501 2418 uteri.

116 2474 150 2562 β.
180 2467 237 2539 Ab
254 2467 460 2542 adhaesione
485 2461 662 2562 placento
679 2457 837 2560 partiali.

117 2623 147 2688 y.
176 2594 207 2662 A
223 2587 321 2660 malo
336 2588 412 2659 situ
428 2581 562 2658 orificii
582 2583 680 2655 uteri
704 2584 864 2655 instante
879 2597 1005 2684 partu.
1053 2611 1057 2624 ·
1101 2629 1104 2634 -

118 2713 147 2782 δ.
178 2713 206 2780 A
222 2705 384 2806 paralysi
396 2719 462 2776 aut
475 2728 518 2776 ex
531 2700 677 2777 defectu
691 2701 984 2776 contreotilitatis
995 2725 1054 2776 va·

172 2850 300 2900 sorum
322 2825 431 2898 uteri.

119 2981 145 3025 ε.
174 2953 203 3020 A
227 2946 346 3020 fasciis
367 2943 550 3016 abdomen
565 2941 679 3014 nimie
693 2939 972 3038 stringentibus.
1075 2955 1084 2968 “

116 3081 147 3154 ζ.
175 3071 206 3139 A
223 3064 330 3138 febre
342 3085 610 3163 puerperarum
627 3059 826 3134 astheniea.

176 3268 239 3364 Sp.
274 3291 307 3364 7.
333 3261 582 3340 Hemorrhoea
610 3257 651 3335 V
647 3243 804 3338 aeorum
816 3255 1054 3335 hormrrlzoi-

118 3393 279 3468 dulium.

173 3567 373 3666 Sanguinis
383 3564 506 3637 fluxus
519 3585 563 3634 ex
576 3583 649 3632 ano
659 3553 898 3642 immodicus,
913 3575 1055 3650 exrup·
1190 3625 1192 3637 ,

120 3697 172 3766 tis
182 3689 383 3780 varicibus,
396 3701 462 3759 aut
472 3683 566 3759 vasis
575 3671 1054 3766 haemorrhoidalibus,sine

119 3809 254 3890 dolore
279 3825 344 3884 aut
370 3806 540 3908 phlogosi
564 3801 693 3896 locali,
719 3799 946 3900 plerumque
968 3823 1058 3874 eum
