2900 4942
382 428 430 499 60
628 425 698 495 cn.
726 425 753 493 1.
796 425 1062 512 PYREXIAE‚

386 561 457 634 sub
471 561 625 632 nomine
636 561 728 631 corii
741 574 806 630 aut
818 560 952 630 tunicae
967 558 1143 656 adiposar,
1158 555 1318 648 format,

383 683 461 755 huc
478 693 575 752 recte
589 681 797 777 pertinent:

438 795 1317 885 1⁰,Inllammationesmembranaearachnoideae‚

383 916 521 1017 pleurae
538 916 772 1013 (mediastini
796 940 836 986 ac
857 915 1106 1014 pericardii),
1131 918 1318 1012 peritonei

382 1037 616 1134 (mesenterii
632 1060 674 1106 ac
699 1034 888 1130 omenti),
909 1057 1114 1132 earumque
1136 1033 1317 1132 appendi-

379 1181 467 1228 cum
477 1154 993 1256 autprolongationum,quae
1004 1153 1216 1242 cerebrum,
1231 1155 1316 1253 pul·

380 1295 532 1363 moneS,
563 1298 646 1364 cor,
672 1269 936 1371 diaphragma,
963 1271 1101 1372 hepar,
1122 1272 1316 1372 splenem,

379 1388 659 1485 ventriculum,
694 1393 895 1481 intestina,
929 1394 1108 1479 vesicam,
1140 1405 1317 1479 uterum,

274 1523 281 1598 2
382 1509 522 1597 oraria,
549 1531 591 1580 ao
615 1509 802 1583 testiculos
817 1513 832 1608 (
845 1511 915 1584 sub
935 1513 1089 1584 nomine
1107 1511 1242 1594 tunicae
1258 1535 1317 1586 va·

381 1625 535 1725 ginalis)
557 1642 704 1701 externe
722 1643 869 1728 tegunt*

434 1763 486 1838 αθ,
507 1733 822 1822 Inflammationes
843 1750 1047 1839 viscerum,
1072 1761 1138 1822 aut
1162 1745 1316 1851 glandu-

345 1939 371 1952 ,,
383 1864 503 1939 larum
523 1869 720 1964 majorum.
1296 1855 1303 1868 ’

430 1984 482 2076 3⁰,
505 1985 821 2060 Inflammationes
841 1989 937 2060 cutis
950 1989 1100 2087 proprie
1122 1989 1175 2061 sic
1197 1987 1314 2062 dicta.

430 2108 484 2193 4⁰,
500 2109 660 2177 Domum
678 2105 1007 2199 inflammationes,
1029 2133 1111 2206 quae
1128 2108 1168 2212 in
1185 2133 1313 2210 super·

382 2219 466 2296 licie
480 2224 782 2308 articulationum
801 2243 838 2300 et
850 2228 1128 2330 cartilaginum,
1147 2229 1204 2300 uti
1218 2243 1255 2300 et
1272 2229 1326 2310 in,

380 2344 524 2441 vaginis
540 2344 738 2416 tendinum
752 2360 787 2416 et
803 2345 962 2444 capsulis
970 2343 1316 2442 synovialibus‚-ut·

381 2477 469 2561 pote
486 2463 611 2535 eadem
627 2465 843 2538 membrana
858 2463 1048 2554 cellulam,
1070 2463 1143 2538 sub
1160 2466 1314 2538 nomine

382 2581 604 2654 membranae
622 2584 838 2680 synovialis,
853 2587 993 2657 vestitis
1016 2588 1252 2685 contingunt.

430 2705 475 2772 ΙΙ.
493 2703 746 2798 Phlegmosiae
768 2705 960 2779 blennodee
973 2730 1039 2779 eeu
1053 2729 1227 2798 mucosa,
1246 2707 1317 2778 ita-

382 2817 486 2892 dictae
503 2821 605 2917 quod
629 2821 750 2894 sedem
761 2845 865 2896 suam
882 2825 921 2894 in
935 2821 1151 2897 membrana
1160 2847 1311 2896 mucosa

381 2936 534 3028 habent,
545 2965 741 3038 nunquam
755 2942 769 3037 (
777 2943 943 3014 nisicum
952 2939 1315 3040 phlogosimembra·

386 3081 441 3129 nae
457 3058 639 3130 cellularis
660 3058 716 3132 vel
728 3059 986 3158 glandularum
1004 3060 1250 3160 complicata)
1272 3063 1314 3132 in

381 3184 690 3278 suppurationem
704 3179 862 3271 abeunt3
885 3180 947 3254 sed
956 3181 1196 3278 plerumque,
1224 3206 1315 3278 prae·

380 3301 512 3394 primis
528 3301 558 3370 si
573 3298 815 3371 inflammatio
827 3302 866 3370 in
875 3297 1071 3397 superficie
1080 3301 1245 3397 eorporis
1256 3297 1314 3370 vel

381 3420 421 3488 in
446 3419 635 3491 canalibus
655 3436 720 3492 aut
739 3421 886 3519 organis
901 3422 997 3492 cavis
1015 3435 1162 3491 externe
1182 3433 1314 3515 paten-

374 3536 482 3610 tibus
507 3538 631 3612 locum
658 3539 792 3630 habet,
825 3541 1025 3612 secretione
1049 3554 1086 3610 et
1109 3539 1316 3610 excretione

382 3660 539 3731 materiae
559 3663 670 3748 acris,
700 3660 862 3759 limpidae
885 3659 943 3734 vel
970 3657 1215 3746 flavescentis,
1248 3673 1315 3728 aut

381 3777 595 3876 puriformis
610 3779 765 3852 notabili
779 3782 975 3879 stipantur.
996 3783 1077 3853 Haec
1091 3777 1309 3857 membrana
