2808 4936
383 427 452 502 556
507 434 645 502 atsur.
660 433 914 502 DYSEBETH.
927 433 985 502 ET
997 435 1192 508 DYSAEST.

380 567 408 642 θ.
433 571 491 645 Ab
514 574 602 645 idea
612 593 765 646 erronea
789 573 943 645 videndi
966 573 1025 645 vel
1045 574 1226 648 audiendi
1253 591 1316 650 eto

433 695 596 790 objecta,
626 721 707 792 quae
724 710 808 766 actu
826 719 904 772 non
923 695 1097 765 existunt.

382 838 401 887 t.
428 815 723 912 Apropensitate
743 795 930 888 constanti
956 811 1036 898 sihi,
1049 811 1106 884 vel
1131 810 1215 882 aliis
1241 814 1316 882 vim

433 931 628 1004 inferendi.
661 952 663 960 ’
753 965 755 970 ’
989 921 992 928 ’

382 1085 410 1123 κ.
435 1060 465 1124 A
476 1051 587 1142 luxu,
616 1055 703 1126 otio.

382 1177 413 1241 λ.
439 1177 467 1243 A
497 1171 813 1269 speculationibus
848 1167 1170 1243 commercialibus
1209 1172 1317 1242 nimis

432 1294 591 1364 extensis
611 1292 804 1368 frustratis.

383 1443 416 1503 μ.
444 1421 471 1482 A
491 1413 614 1492 subita
633 1415 878 1510 acquisitione
892 1411 1120 1485 divitiarum.

383 1562 410 1602 ν.
439 1531 492 1604 Ab
507 1531 714 1636 antipathia
731 1549 797 1606 aut
817 1533 1006 1612 aversione
1031 1530 1169 1626 objecti
1198 1532 1334 1628 parti--

437 1651 581 1726 eularis.
698 1708 701 1718 ,

437 1858 490 1953 Sp
515 1861 549 1941 Δ.
579 1857 702 1926 Mania
719 1859 958 1952 Repletioni's·

386 2039 468 2104 Srr.
484 2033 607 2102 Mania
622 2033 797 2110 sthenica.

439 2203 670 2283 VAuiar:

385 2338 415 2458 oi.
442 2357 651 2485 Apbletora¹
667 2385 839 2483 generali.

385 2509 428 2596 ti„
445 2514 472 2576 A
488 2506 725 2601 congestione
738 2505 931 2602 sanguinis
946 2527 1073 2576 versus
1087 2519 1215 2603 caput.

384 2655 414 2718 y.
439 2621 493 2694 Ab
508 2621 791 2721 enkephalitide.

384 2743 412 2811 A
440 2741 627 2834 aluchiis,
651 2742 866 2835 menstruis,
884 2737 1222 2816 haemorrhoidibus
1240 2768 1324 2842 sup-

434 2884 577 2956 pressis.

386 3009 410 3050 ε.
439 2979 492 3050 Ab
507 2979 1320 3079 evacuationibussanguineisaliisveeonsue-

435 3099 484 3174 tis
497 3102 728 3172 intermissis.

383 3227 413 3299 ζ.
440 3218 599 3315 Apure,
622 3221 825 3318 sanguine,
844 3244 939 3319 aqua
962 3219 1032 3291 sub
1053 3219 1181 3289 eranio
1204 3231 1318 3288 extra·

434 3354 575 3410 vasatrs.

384 3487 413 3544 η.
439 3457 492 3528 Ab
510 3459 683 3532 ebrietate
703 3474 769 3530 aut
785 3459 907 3534 abusu
930 3459 1122 3560 liquorum
1138 3457 1319 3554 spirituo-

379 3576 382 3590 '
439 3600 566 3650 sorum
584 3580 822 3676 temporario.

386 3705 419 3771 Β.
438 3699 468 3767 A
485 3695 673 3794 refrigerio
701 3700 864 3797 capitis,·
885 3713 951 3770 aut
972 3697 1018 3769 ab
1043 3695 1320 3770 embrocatione

435 3820 563 3918 capitis
575 3817 717 3918 frigida.
