2848 4938
390 477 460 555 352
513 449 1234 545 co.111DYsuREffl.ETDYsAEsT,›

397 693 402 702 ·
437 638 583 734 Species
600 639 668 701 aut
686 623 887 698 varietates
907 625 1017 686 sunt:
1065 702 1068 710 .

390 835 421 874 α.
446 790 728 883 Patoemarica,
743 777 929 880 precipue
943 795 964 841 a
980 784 1129 840 terrore.

389 925 422 1012 β.
451 915 656 995 θαεινίσας-
667 900 853 1000 praecipue
870 918 891 964 a
907 888 1108 964 vermibus.

347 1095 349 1104 s
390 1071 420 1136 γ.
445 1030 701 1112 Metostatico,
719 1017 767 1090 ab
785 1013 941 1100 aohore,
959 1011 1059 1081 tinea
1071 1062 1081 1096 ‚
1093 1004 1218 1076 aliisve
1231 999 1313 1071 cutis

346 1241 349 1250 Δ
442 1153 544 1232 vitiis
558 1141 776 1243 suppressis.

393 1281 421 1350 δ.
446 1272 502 1344 Ab
519 1264 732 1341 evolutione
755 1253 925 1352 corporis
952 1247 1141 1336 naturali,
1169 1242 1314 1316 maxime

442 1393 489 1464 ab
504 1393 735 1461 incremento
752 1375 889 1448 subito.

446 1552 508 1648 Sp·
531 1573 564 1616 2·
589 1521 785 1612 Ballismus
809 1530 1022 1612 Beriberii..
1232 1514 1240 1532 '

444 1704 597 1794 Morbus
613 1721 731 1798 prope
751 1691 925 1786 Bombay'
941 1699 978 1759 et
998 1682 1045 1754 ad
1066 1681 1190 1770 littora
1217 1678 1318 1750 maris

396 1824 599 1902 Malabariae
614 1813 846 1896 endamicus,
865 1805 993 1902 ibique
1007 1803 1193 1882 Beriberii
1205 1795 1318 1898 appel·

391 1951 510 2036 latus,
525 1937 629 2040 quod
641 1935 746 2032 aegri,
764 1933 881 2016 instar
892 1927 1020 2022 ovium
1032 1923 1214 2020 vertigine
1227 1917 1320 1992 afseo

398 2085 544 2152 tarum,
574 2055 765 2135 incedunt..
793 2045 948 2126 ttorbus
971 2057 1141 2142 stupore,
1169 2054 1321 2114 tremore

398 2211 484 2259 cum
499 2204 610 2254 sensu
625 2167 866 2254 titillationis,
894 2173 937 2235 ao
954 2176 1103 2258 torpore
1122 2158 1321 2230 extremita-

397 2324 480 2378 tum
506 2299 726 2394 inferiorum
758 2289 939 2386 stipatus,
978 2269 1137 2352 maxime
1162 2293 1323 2375 tempore
1394 2351 1395 2354 Ἴ

396 2422 611 2523 pluviarum
642 2429 839 2483 occurrens
859 2422 879 2494 ;'
904 2401 1119 2506 frequenter
1148 2421 1193 2469 ex
1230 2395 1322 2492 largo

381 2533 535 2614 'haustu
556 2549 667 2634 potus
695 2532 817 2608 Toddi
844 2524 935 2596 dicti
959 2511 1149 2618 (liquoiis
1168 2543 1214 2589 ex
1234 2538 1322 2587 nuce

399 2683 505 2733 cocos
528 2653 698 2752 parati),
727 2667 881 2742 corpore
911 2639 1105 2728 calefacto,
1124 2635 1323 2736 deglutito,

399 2777 524 2852 subito
541 2794 633 2870 saepe
658 2763 847 2839 invadens.

399 3023 442 3089 G.
468 3011 590 3086 CXII.
690 2998 954 3075 PTARMUS.

380 3139 383 3146 ⁴
442 3143 477 3220 ‘A
494 3137 556 3205 Gr.
573 3129 728 3223 Πταρμὸς,
746 3118 978 3191 sternutatio.
1029 3181 1038 3200 ,

432 3289 662 3389 violenta,
678 3310 832 3384 sonora
845 3291 887 3362 et
899 3276 1037 3367 subita
1050 3251 1157 3372 atris
1175 3303 1230 3360 ex
1245 3267 1326 3388 pul·

400 3423 602 3528 monibus
630 3446 709 3531 por
729 3442 853 3506 nares
872 3426 914 3496 et
941 3441 1019 3526 per
1037 3440 1083 3496 os
1110 3405 1324 3506 excussio,

401 3563 629 3672 frequens,
668 3565 710 3634 et
736 3545 964 3642 abnormis.
995 3541 1182 3634 Morbus
1214 3539 1326 3626 vires

403 3718 569 3778 summe
583 3698 624 3768 et
640 3677 897 3794 quaudoque
917 3676 972 3762 od
992 3688 1176 3767 mortum
1194 3697 1325 3784 usque

405 3819 660 3958 enhauriens
674 3880 687 3921 ,
713 3811 985 3926 potissimum
1012 3807 1064 3894 ab
1096 3805 1325 3894 irritatione
