2926 4942
363 454 387 525 s
479 401 481 417 ¹
615 407 1041 562 nutriamus,

411 616 445 662 2.
455 593 618 681 Pulsus,
630 613 694 662 seu
707 591 909 662 contractio
921 603 957 660 et
965 588 1137 686 relaxatio
1154 589 1295 662 arteris

364 708 527 805 cujusvis
536 707 576 778 in
592 701 748 806 corpore¹
757 710 904 780 vivente
914 730 1115 779 numerum
1129 719 1295 778 eontrac-

365 829 514 900 tionum
539 825 877 899 ventriculi'cordis
894 826 1036 900 sinistri
1056 808 1205 896 indicat.
1228 825 1297 895 Hie

365 971 548 1030 numerus
567 945 822 1044 pulsationum
844 949 884 1019 in
900 947 1028 1019 adulto
1053 945 1203 1019 homine
1219 942 1297 1016 fere

365 1090 512 1162 semper
528 1079 564 1135 et
579 1063 817 1137 uniformiter
839 1080 892 1137 est
912 1062 958 1163 73
978 1066 1076 1137 intra
1090 1067 1295 1136 rtiinutum.

368 1184 413 1253 In
432 1195 529 1252 statu
545 1206 635 1254 sano
659 1182 873 1275 adultorum
895 1183 1122 1283 pulsationes
1139 1206 1222 1254 raro
1240 1183 1298 1252 in-

367 1298 424 1372 fra
448 1327 493 1400 7⁰
515 1316 579 1386 aut
595 1326 707 1402 supra
735 1301 780 1402 75
812 1305 852 1374 in
872 1305 1022 1376 rninuto
1045 1302 1299 1388 observantur.

368 1427 413 1494 In
439 1419 646 1494 infantibus
676 1421 944 1526 frequentiOres
970 1437 1059 1497 sunt
1086 1436 1124 1494 et
1156 1420 1302 1496 facilius

371 1541 585 1636 turbantur.
613 1549 657 1634 1.ss
684 1543 835 1631 senibus
855 1560 978 1618 autem
999 1569 1091 1644 saepe
1109 1545 1303 1642 pauciores

373 1675 411 1736 et
435 1662 563 1736 minus
590 1661 782 1760 regulares.
806 1661 1032 1738 Pulsationes
1051 1661 1098 1734 so
1113 1716 1124 1750 ‚
1142 1685 1214 1758 90·
1231 1673 1302 1748 ete.

374 1773 473 1876 intra
488 1779 680 1870 minutum
692 1835 702 1871 ,
716 1780 838 1868 adesse
850 1761 1008 1878 possunt
1023 1781 1103 1860 sine
1117 1776 1218 1864 febre
1233 1832 1244 1869 ,
1266 1789 1306 1849 et

305 1907 307 1911 '
374 1920 468 1994 saepe
486 1896 622 1990 adsunt
642 1901 682 1992 in
703 1897 1228 1998 allectionibusspasmodicis,
1245 1893 1305 1968 vel

376 2013 425 2105 ab
451 2018 645 2110 exercitio,
668 2017 804 2120 gaudio
820 2033 886 2100 aut
902 2019 981 2095 viso
1000 2016 1143 2114 objecto
1160 2029 1304 2093 amato:

352 2204 356 2211 ,
377 2131 447 2224 Sed
462 2131 537 2228 haee
553 2135 734 2234 pulsuum
749 2135 978 2237 frequentia,
996 2159 1082 2209 cum
1099 2137 1307 2212 sensatione

377 2249 585 2350 dysphoriae
593 2255 742 2350 juncta,
757 2258 797 2328 in
808 2239 940 2354 genere
951 2251 1062 2328 febris
1074 2255 1306 2358 praesentiam

377 2364 511 2468 ar‘guit.
521 2375 564 2450 In
580 2373 805 2472 quibusdam
818 2372 983 2468 sebrilrus
993 2374 1124 2477 pulsus¹
1135 2373 1308 2476 frequen·

379 2480 432 2562 tia
455 2514 475 2561 a
500 2514 568 2579 100
583 2492 630 2581 ad
648 2518 742 2585 tao,
771 2493 839 2586 tio
855 2493 1082 2596 pulsationes
1099 2513 1136 2570 et
1151 2497 1249 2592 ultra
1266 2499 1308 2574 in

379 2611 530 2701 minuto
542 2611 714 2709 ascendit.

434 2729 821 2842 Praecipuaepulsutu
838 2731 1072 2834 assuerus,
1087 2736 1309 2833 inlebribus

380 2850 572 2941 notandae,
591 2867 695 2937 sunt:
1014 2887 1015 2892 ¹

379 2955 567 3068 Frequens
594 3011 640 3024 -
664 2970 815 3068 Tardus

379 3089 537 3197 Magnus
587 3125 638 3170 -,-
661 3093 808 3181 Parvus.

378 3209 501 3278 Fortis
591 3249 641 3292 π
664 3207 814 3288 Debilis.

381 3330 508 3404 Durus
594 3368 644 3386 -
666 3303 820 3420 Mollisf
1032 3419 1035 3425 Δ

313 3463 315 3478 ·
382 3445 493 3518 Liber
594 3487 644 3505 -
667 3449 1163 3550 suppressusmbstrpctus).

382 3561 518 3636 Plenus
592 3604 642 3646 ·,·-
665 3569 834 3654 Vacuus,
849 3566 964 3644 exilis.

382 3683 564 3784 AEqualis
593 3723 643 3741 -
665 3685 870 3786 lnaequalis.

281 3897 283 3902 ,
382 3802 570 3910 Regularis
587 3842 642 3864 -
665 3806 888 3908 Irregularis„
