2926 4942
355 415 408 488 nv
635 405 1016 496 rnrnonuerro.

359 591 585 674 omnimodis
614 589 833 688 plectuntur
861 584 910 657 ab
933 581 1106 656 officiosis
1129 580 1294 653 mediooss

359 759 443 807 rum
456 729 761 803 imitatoribusob
770 730 975 825 ignoratam
984 722 1106 824 moriri
1116 719 1295 821 speciem!

359 871 636 972 Kephalalgiam
669 870 924 966 syphiliticam
961 863 1029 962 qui
1060 886 1144 976 non*
1166 861 1321 950 novit„

360 973 440 1084 earn
462 1008 623 1108 infausto
643 1009 770 1080 omine
788 1029 855 1104 per
879 1001 1168 1101 phlebotomias‚
1196 1023 1294 1070 eme-

272 1243 274 1249 *
360 1155 450 1243 tica,
473 1152 688 1236 cathartica,
710 1146 863 1232 serrata,
881 1142 995 1215 aliave
1013 1140 1129 1236 hujus
1149 1138 1297 1236 generis

169 1341 171 1350 ι
270 1351 273 1356 .
358 1288 643 1382 ‚remediafrnsta
652 1285 834 1362 debellare
844 1282 1051 1356 conabitur.
1059 1285 1296 1382 Dyspnaeam

360 1456 382 1502 a
400 1454 594 1528 suppressa
611 1427 753 1516 scabie,
772 1440 838 1498 aut
859 1449 880 1495 a
900 1423 1062 1523 podagra
1083 1420 1295 1512 aberrante,

248 1591 254 1610 ‘
361 1571 419 1642 vel
430 1570 581 1668 abaqua
592 1569 636 1640 in
647 1567 796 1640 thorace
807 1563 1038 1638 accumulata
1049 1577 1168 1636 ortam
1179 1587 1296 1636 venae·

257 1717 259 1722 ’
361 1711 604 1808 sectionibus,
632 1708 856 1795 catharticis,
884 1701 1208 1804 expectorantibus
1234 1728 1295 1814 ag·

360 1851 529 1948 greditur
538 1853 711 1948 ignarus,
726 1863 762 1920 et
782 1871 920 1944 aegrum
944 1847 984 1916 in
1004 1843 1183 1916 ultimum
1198 1834 1295 1942 peri·

362 1965 492 2063 culurii
517 1990 702 2086 conjiciet.
725 1991 859 2060 Ulcera
883 1987 924 2056 in
954 1979 1196 2056 faucibus'ab
1221 2008 1295 2056 usu

361 2123 581 2225 hydrargyri
594 2127 797 2226 producta,
816 2126 1032 2198 medicaster
1051 2148 1120 2222 pro
1132 2122 1294 2224 syphili-

362 2267 445 2364 tisis
465 2266 605 2366 habens
628 2293 700 2340 usu
716 2267 937 2364 hydrargyri
954 2268 1188 2364 gangraenosa
1208 2261 1290 2336 red·

363 2407 436 2478 det.
466 2411 697 2484 Anorexz'am
719 2433 739 2478 a
760 2406 973 2506 polycholia
1000 2405 1059 2478 vel
1087 2431 1107 2480 a
1136 2431 1296 2479 moerore

362 2561 511 2642 ortamn,
543 2547 727 2619 incassum
748 2573 814 2645 per
842 2572 965 2619 amara
985 2562 1052 2618 aut
1073 2546 1297 2620 stomachica

281 2747 285 2760 .
363 2654 536 2778 tentabit,
555 2689 622 2788 qui
648 2686 713 2758 has
732 2688 778 2758 ah
802 2687 883 2760 aliis
906 2688 1020 2786 hujus
1043 2690 1188 2788 generis
1211 2713 1296 2788 spe-

366 2825 491 2897 ciebus
511 2851 588 2896 non
611 2824 833 2897 distinxerit.

410 2963 539 3035 -Morbi
557 2964 743 3037 adiversis
763 2967 882 3038 causis
902 2968 1084 3066 originem
1105 2991 1210 3040 suam
1227 2969 1297 3041 du-

364 3113 507 3190 centes,
523 3116 567 3172 ut
580 3099 655 3197 jam
675 3126 787 3199 supra
797 3103 933 3192 notavi,
946 3105 994 3174 ita
1009 3103 1162 3178 diversis
1173 3129 1297 3203 symp-

363 3244 565 3316 tomatibus
589 3247 734 3344 stipati,
750 3271 854 3344 aeque
875 3245 1034 3318 diversas
1047 3243 1298 3341 'indicationes

363 3381 666 3472 subministrant,
694 3383 989 3484 methodumque
1014 3385 1170 3458 curandi
1193 3408 1298 3488 aeque

364 3515 597 3594 disserentem
614 3523 825 3621 requirunt.
848 3529 893 3595 Et
911 3549 953 3596 ex
973 3521 1043 3595 hoc
1059 3521 1162 3622 fonte
1178 3519 1238 3613 fit,
1253 3537 1297 3594 ut

361 3661 437 3762 jam
454 3678 551 3734 recte
569 3664 719 3734 monuit
739 3665 912 3754 Monrort,
934 3663 1035 3762 quod
1054 3689 1165 3736 nemo
1183 3690 1297 3764 quan-

363 3805 501 3881 tumvis
526 3803 688 3906 generali
709 3801 899 3878 medicinae
916 3806 1067 3880 scientia
1089 3809 1297 3880 instructus
