<?xml version="1.0" encoding="UTF-8"?>
<!DOCTYPE html PUBLIC "-//W3C//DTD XHTML 1.0 Transitional//EN"
    "http://www.w3.org/TR/xhtml1/DTD/xhtml1-transitional.dtd">
<html xmlns="http://www.w3.org/1999/xhtml" xml:lang="en" lang="en">
 <head>
  <title>
</title>
<meta http-equiv="Content-Type" content="text/html;charset=utf-8" />
  <meta name='ocr-system' content='tesseract 3.04.00' />
  <meta name='ocr-capabilities' content='ocr_page ocr_carea ocr_par ocr_line ocrx_word'/>
</head>
<body>
  <div class='ocr_page' id='page_1' title='image "./novumnosologiae00swedgoog_0125.png"; bbox 0 0 2900 4942; ppageno 0'>
   <div class='ocr_carea' id='block_1_1' title="bbox 347 383 1015 478">
    <p class='ocr_par' dir='ltr' id='par_1_1' title="bbox 347 383 1015 478">
     <span class='ocr_line' id='line_1_1' title="bbox 347 383 1015 478; baseline 0.003 -20"><span class='ocrx_word' id='word_1_1' title='bbox 347 383 395 460; x_wconf 81' lang='lat' dir='ltr'><strong>ss</strong></span> <span class='ocrx_word' id='word_1_2' title='bbox 545 471 548 478; x_wconf 9' lang='grc' dir='ltr'><strong>Α</strong></span> <span class='ocrx_word' id='word_1_3' title='bbox 599 391 672 460; x_wconf 76' lang='lat' dir='ltr'><strong>cn.</strong></span> <span class='ocrx_word' id='word_1_4' title='bbox 701 391 739 458; x_wconf 91' lang='lat'><strong>1.·</strong></span> <span class='ocrx_word' id='word_1_5' title='bbox 759 391 1015 478; x_wconf 75' lang='lat' dir='ltr'><strong>prunum,</strong></span> 
     </span>
    </p>
   </div>
   <div class='ocr_carea' id='block_1_2' title="bbox 280 523 1326 3728">
    <p class='ocr_par' dir='ltr' id='par_1_2' title="bbox 280 523 1326 2888">
     <span class='ocr_line' id='line_1_2' title="bbox 351 523 1270 654; baseline -0.005 -49"><span class='ocrx_word' id='word_1_6' title='bbox 351 523 353 531; x_wconf 61' lang='grc'><em>’</em></span> <span class='ocrx_word' id='word_1_7' title='bbox 373 530 649 654; x_wconf 39' lang='lat' dir='ltr'><strong>{Membrana</strong></span> <span class='ocrx_word' id='word_1_8' title='bbox 658 531 848 600; x_wconf 76' lang='lat' dir='ltr'><strong>cellelarie</strong></span> <span class='ocrx_word' id='word_1_9' title='bbox 851 581 867 619; x_wconf 89' lang='lat'><em>,</em></span> <span class='ocrx_word' id='word_1_10' title='bbox 879 553 943 599; x_wconf 87' lang='lat' dir='ltr'><strong>seu</strong></span> <span class='ocrx_word' id='word_1_11' title='bbox 953 531 1130 602; x_wconf 82' lang='lat' dir='ltr'><strong>celluloso</strong></span> <span class='ocrx_word' id='word_1_12' title='bbox 1143 531 1270 619; x_wconf 86' lang='lat' dir='ltr'><strong>(etiam</strong></span> 
     </span>
     <span class='ocr_line' id='line_1_3' title="bbox 339 646 1272 746; baseline 0 -25"><span class='ocrx_word' id='word_1_13' title='bbox 339 651 457 721; x_wconf 84' lang='lat' dir='ltr'><strong>serosa</strong></span> <span class='ocrx_word' id='word_1_14' title='bbox 476 662 541 718; x_wconf 93' lang='lat' dir='ltr'><strong>aut</strong></span> <span class='ocrx_word' id='word_1_15' title='bbox 553 646 778 746; x_wconf 72' lang='lat' dir='ltr'><strong>lymphatica</strong></span> <span class='ocrx_word' id='word_1_16' title='bbox 791 647 992 746; x_wconf 87' lang='lat' dir='ltr'><strong>appellata)</strong></span> <span class='ocrx_word' id='word_1_17' title='bbox 1012 673 1056 720; x_wconf 87' lang='lat' dir='ltr'><strong>ex</strong></span> <span class='ocrx_word' id='word_1_18' title='bbox 1074 648 1143 721; x_wconf 85' lang='lat' dir='ltr'><strong>tela</strong></span> <span class='ocrx_word' id='word_1_19' title='bbox 1159 648 1272 721; x_wconf 84' lang='lat' dir='ltr'><strong>cellu-</strong></span> 
     </span>
     <span class='ocr_line' id='line_1_4' title="bbox 339 766 1272 864; baseline 0.003 -26"><span class='ocrx_word' id='word_1_20' title='bbox 339 766 432 856; x_wconf 86' lang='lat' dir='ltr'><strong>lari‚</strong></span> <span class='ocrx_word' id='word_1_21' title='bbox 457 766 542 864; x_wconf 87' lang='lat' dir='ltr'><strong>plus</strong></span> <span class='ocrx_word' id='word_1_22' title='bbox 562 768 733 839; x_wconf 86' lang='lat' dir='ltr'><strong>minusve</strong></span> <span class='ocrx_word' id='word_1_23' title='bbox 760 767 1001 858; x_wconf 89' lang='lat' dir='ltr'><strong>condensata,</strong></span> <span class='ocrx_word' id='word_1_24' title='bbox 1029 770 1161 840; x_wconf 90' lang='lat' dir='ltr'><strong>oritur.</strong></span> <span class='ocrx_word' id='word_1_25' title='bbox 1189 775 1272 841; x_wconf 85' lang='lat' dir='ltr'><strong>Haec</strong></span> 
     </span>
     <span class='ocr_line' id='line_1_5' title="bbox 338 865 1274 987; baseline 0 -27"><span class='ocrx_word' id='word_1_26' title='bbox 338 887 555 960; x_wconf 87' lang='lat' dir='ltr'><strong>membrana</strong></span> <span class='ocrx_word' id='word_1_27' title='bbox 570 912 648 958; x_wconf 87' lang='lat' dir='ltr'><strong>non</strong></span> <span class='ocrx_word' id='word_1_28' title='bbox 666 886 788 959; x_wconf 85' lang='lat' dir='ltr'><strong>solum</strong></span> <span class='ocrx_word' id='word_1_29' title='bbox 807 888 950 959; x_wconf 91' lang='lat' dir='ltr'><strong>corium</strong></span> <span class='ocrx_word' id='word_1_30' title='bbox 969 911 1036 960; x_wconf 90' lang='lat' dir='ltr'><strong>seu</strong></span> <span class='ocrx_word' id='word_1_31' title='bbox 1052 903 1174 960; x_wconf 89' lang='lat' dir='ltr'><strong>cutem</strong></span> <span class='ocrx_word' id='word_1_32' title='bbox 1191 865 1274 987; x_wconf 76' lang='lat' dir='ltr'><strong>pro.</strong></span> 
     </span>
     <span class='ocr_line' id='line_1_6' title="bbox 336 1005 1274 1106; baseline 0.001 -29"><span class='ocrx_word' id='word_1_33' title='bbox 336 1008 480 1106; x_wconf 85' lang='lat' dir='ltr'><strong>priesic</strong></span> <span class='ocrx_word' id='word_1_34' title='bbox 492 1005 628 1077; x_wconf 87' lang='lat' dir='ltr'><strong>dictam</strong></span> <span class='ocrx_word' id='word_1_35' title='bbox 641 1060 651 1093; x_wconf 82' lang='lat'>‚</span> <span class='ocrx_word' id='word_1_36' title='bbox 665 1005 727 1077; x_wconf 90' lang='lat' dir='ltr'><strong>sed</strong></span> <span class='ocrx_word' id='word_1_37' title='bbox 742 1007 872 1095; x_wconf 87' lang='lat' dir='ltr'><strong>etiam,</strong></span> <span class='ocrx_word' id='word_1_38' title='bbox 889 1008 1133 1103; x_wconf 83' lang='lat' dir='ltr'><strong>pro&#39;maxima</strong></span> <span class='ocrx_word' id='word_1_39' title='bbox 1150 1022 1274 1104; x_wconf 85' lang='lat' dir='ltr'><strong>parte,</strong></span> 
     </span>
     <span class='ocr_line' id='line_1_7' title="bbox 337 1121 1274 1222; baseline -0.001 -27"><span class='ocrx_word' id='word_1_40' title='bbox 337 1146 477 1222; x_wconf 82' lang='lat' dir='ltr'><strong>organa</strong></span> <span class='ocrx_word' id='word_1_41' title='bbox 509 1124 674 1220; x_wconf 90' lang='lat' dir='ltr'><strong>corporis</strong></span> <span class='ocrx_word' id='word_1_42' title='bbox 704 1126 887 1222; x_wconf 85' lang='lat' dir='ltr'><strong>praecipua</strong></span> <span class='ocrx_word' id='word_1_43' title='bbox 914 1139 950 1194; x_wconf 90' lang='lat' dir='ltr'><strong>et</strong></span> <span class='ocrx_word' id='word_1_44' title='bbox 981 1123 1174 1222; x_wconf 84' lang='lat' dir='ltr'><strong>glandulas</strong></span> <span class='ocrx_word' id='word_1_45' title='bbox 1201 1121 1274 1204; x_wconf 77' lang='lat' dir='ltr'><strong>for·</strong></span> 
     </span>
     <span class='ocr_line' id='line_1_8' title="bbox 339 1242 1272 1344; baseline 0 -31"><span class='ocrx_word' id='word_1_46' title='bbox 339 1257 427 1315; x_wconf 89' lang='lat' dir='ltr'><strong>mat.</strong></span> <span class='ocrx_word' id='word_1_47' title='bbox 445 1246 616 1313; x_wconf 84' lang='lat' dir='ltr'><strong>Praeterea</strong></span> <span class='ocrx_word' id='word_1_48' title='bbox 630 1242 799 1312; x_wconf 85' lang='lat' dir='ltr'><strong>cavitates</strong></span> <span class='ocrx_word' id='word_1_49' title='bbox 819 1244 986 1344; x_wconf 32' lang='lat' dir='ltr'><strong>corporis·</strong></span> <span class='ocrx_word' id='word_1_50' title='bbox 998 1243 1211 1340; x_wconf 83' lang='lat' dir='ltr'><strong>primarias,</strong></span> <span class='ocrx_word' id='word_1_51' title='bbox 1231 1245 1272 1313; x_wconf 89' lang='lat' dir='ltr'><strong>in</strong></span> 
     </span>
     <span class='ocr_line' id='line_1_9' title="bbox 340 1359 1272 1456; baseline 0.004 -24"><span class='ocrx_word' id='word_1_52' title='bbox 340 1360 491 1432; x_wconf 91' lang='lat' dir='ltr'><strong>cerebro</strong></span> <span class='ocrx_word' id='word_1_53' title='bbox 505 1359 574 1432; x_wconf 93' lang='lat' dir='ltr'><strong>sub</strong></span> <span class='ocrx_word' id='word_1_54' title='bbox 590 1361 743 1431; x_wconf 90' lang='lat' dir='ltr'><strong>nomine</strong></span> <span class='ocrx_word' id='word_1_55' title='bbox 766 1361 1035 1456; x_wconf 70' lang='lat' dir='ltr'><strong>arachnoidem,</strong></span> <span class='ocrx_word' id='word_1_56' title='bbox 1055 1365 1095 1434; x_wconf 91' lang='lat' dir='ltr'><strong>in</strong></span> <span class='ocrx_word' id='word_1_57' title='bbox 1122 1364 1272 1436; x_wconf 84' lang='lat' dir='ltr'><strong>thorace</strong></span> 
     </span>
     <span class='ocr_line' id='line_1_10' title="bbox 339 1477 1271 1576; baseline 0.003 -24"><span class='ocrx_word' id='word_1_58' title='bbox 339 1480 413 1552; x_wconf 91' lang='lat' dir='ltr'><strong>sub</strong></span> <span class='ocrx_word' id='word_1_59' title='bbox 430 1482 583 1552; x_wconf 87' lang='lat' dir='ltr'><strong>nomine</strong></span> <span class='ocrx_word' id='word_1_60' title='bbox 594 1477 749 1576; x_wconf 86' lang='lat' dir='ltr'><strong>pleurae,</strong></span> <span class='ocrx_word' id='word_1_61' title='bbox 760 1481 801 1552; x_wconf 85' lang='lat' dir='ltr'><strong>in</strong></span> <span class='ocrx_word' id='word_1_62' title='bbox 813 1479 1013 1553; x_wconf 88' lang='lat' dir='ltr'><strong>abdomine</strong></span> <span class='ocrx_word' id='word_1_63' title='bbox 1030 1481 1101 1554; x_wconf 91' lang='lat' dir='ltr'><strong>sub</strong></span> <span class='ocrx_word' id='word_1_64' title='bbox 1114 1485 1271 1555; x_wconf 91' lang='lat' dir='ltr'><strong>nomine</strong></span> 
     </span>
     <span class='ocr_line' id='line_1_11' title="bbox 341 1598 1273 1697; baseline 0.003 -29"><span class='ocrx_word' id='word_1_65' title='bbox 341 1598 532 1695; x_wconf 84' lang='lat' dir='ltr'><strong>peritonaei</strong></span> <span class='ocrx_word' id='word_1_66' title='bbox 547 1598 714 1689; x_wconf 83' lang='lat' dir='ltr'><strong>investit3</strong></span> <span class='ocrx_word' id='word_1_67' title='bbox 727 1598 881 1696; x_wconf 88' lang='lat' dir='ltr'><strong>ejusque</strong></span> <span class='ocrx_word' id='word_1_68' title='bbox 894 1599 1194 1697; x_wconf 84' lang='lat' dir='ltr'><strong>prolongationes</strong></span> <span class='ocrx_word' id='word_1_69' title='bbox 1205 1615 1273 1671; x_wconf 87' lang='lat' dir='ltr'><strong>aut</strong></span> 
     </span>
     <span class='ocr_line' id='line_1_12' title="bbox 340 1718 1271 1817; baseline -0.002 -25"><span class='ocrx_word' id='word_1_70' title='bbox 340 1718 564 1816; x_wconf 82' lang='lat' dir='ltr'><strong>appendices</strong></span> <span class='ocrx_word' id='word_1_71' title='bbox 574 1719 613 1788; x_wconf 88' lang='lat' dir='ltr'><strong>in</strong></span> <span class='ocrx_word' id='word_1_72' title='bbox 625 1733 772 1817; x_wconf 84' lang='lat' dir='ltr'><strong>pectore</strong></span> <span class='ocrx_word' id='word_1_73' title='bbox 786 1718 1050 1791; x_wconf 84' lang='lat' dir='ltr'><strong>mediastinum</strong></span> <span class='ocrx_word' id='word_1_74' title='bbox 1063 1734 1099 1790; x_wconf 89' lang='lat' dir='ltr'><strong>et</strong></span> <span class='ocrx_word' id='word_1_75' title='bbox 1115 1720 1271 1817; x_wconf 88' lang='lat' dir='ltr'><strong>pericar-</strong></span> 
     </span>
     <span class='ocr_line' id='line_1_13' title="bbox 340 1839 1272 1929; baseline 0.002 -19"><span class='ocrx_word' id='word_1_76' title='bbox 340 1839 474 1929; x_wconf 90' lang='lat' dir='ltr'><strong>dium,</strong></span> <span class='ocrx_word' id='word_1_77' title='bbox 507 1840 547 1910; x_wconf 91' lang='lat' dir='ltr'><strong>in</strong></span> <span class='ocrx_word' id='word_1_78' title='bbox 566 1839 768 1912; x_wconf 90' lang='lat' dir='ltr'><strong>abdomine</strong></span> <span class='ocrx_word' id='word_1_79' title='bbox 795 1853 991 1912; x_wconf 89' lang='lat' dir='ltr'><strong>omentum</strong></span> <span class='ocrx_word' id='word_1_80' title='bbox 1019 1853 1057 1911; x_wconf 89' lang='lat' dir='ltr'><strong>et</strong></span> <span class='ocrx_word' id='word_1_81' title='bbox 1088 1853 1272 1912; x_wconf 75' lang='lat' dir='ltr'><strong>mesenta-</strong></span> 
     </span>
     <span class='ocr_line' id='line_1_14' title="bbox 280 1958 1272 2058; baseline 0 -26"><span class='ocrx_word' id='word_1_82' title='bbox 280 1995 282 2002; x_wconf 50' lang='lat'>1</span> <span class='ocrx_word' id='word_1_83' title='bbox 342 1959 665 2058; x_wconf 89' lang='lat' dir='ltr'><strong>rium‚simnlque</strong></span> <span class='ocrx_word' id='word_1_84' title='bbox 679 1958 912 2057; x_wconf 89' lang='lat' dir='ltr'><strong>superficiem</strong></span> <span class='ocrx_word' id='word_1_85' title='bbox 924 1959 1272 2058; x_wconf 83' lang='lat' dir='ltr'><strong>plerorumqueris-</strong></span> 
     </span>
     <span class='ocr_line' id='line_1_15' title="bbox 343 2079 1269 2178; baseline -0.002 -26"><span class='ocrx_word' id='word_1_86' title='bbox 343 2105 470 2152; x_wconf 91' lang='lat' dir='ltr'><strong>cerum</strong></span> <span class='ocrx_word' id='word_1_87' title='bbox 485 2095 692 2169; x_wconf 76' lang='lat' dir='ltr'><strong>externam,</strong></span> <span class='ocrx_word' id='word_1_88' title='bbox 706 2095 749 2150; x_wconf 92' lang='lat' dir='ltr'><strong>ut</strong></span> <span class='ocrx_word' id='word_1_89' title='bbox 761 2079 1008 2178; x_wconf 88' lang='lat' dir='ltr'><strong>pulmonum,</strong></span> <span class='ocrx_word' id='word_1_90' title='bbox 1028 2079 1148 2174; x_wconf 84' lang='lat' dir='ltr'><strong>cordis</strong></span> <span class='ocrx_word' id='word_1_91' title='bbox 1161 2133 1171 2170; x_wconf 90' lang='lat'>‚</span> <span class='ocrx_word' id='word_1_92' title='bbox 1182 2104 1269 2152; x_wconf 83' lang='lat' dir='ltr'><strong>ven-</strong></span> 
     </span>
     <span class='ocr_line' id='line_1_16' title="bbox 341 2197 1271 2297; baseline 0 -27"><span class='ocrx_word' id='word_1_93' title='bbox 341 2198 490 2294; x_wconf 87' lang='lat' dir='ltr'><strong>triculi,</strong></span> <span class='ocrx_word' id='word_1_94' title='bbox 512 2199 798 2287; x_wconf 85' lang='lat' dir='ltr'><strong>intestinorum,</strong></span> <span class='ocrx_word' id='word_1_95' title='bbox 814 2198 978 2297; x_wconf 86' lang='lat' dir='ltr'><strong>hepatis,</strong></span> <span class='ocrx_word' id='word_1_96' title='bbox 995 2197 1158 2296; x_wconf 88' lang='lat' dir='ltr'><strong>splenis,</strong></span> <span class='ocrx_word' id='word_1_97' title='bbox 1175 2221 1271 2296; x_wconf 87' lang='lat' dir='ltr'><strong>pan·</strong></span> 
     </span>
     <span class='ocr_line' id='line_1_17' title="bbox 341 2318 1269 2408; baseline -0.001 -19"><span class='ocrx_word' id='word_1_98' title='bbox 341 2320 489 2408; x_wconf 83' lang='lat' dir='ltr'><strong>creatis,</strong></span> <span class='ocrx_word' id='word_1_99' title='bbox 503 2342 659 2408; x_wconf 87' lang='lat' dir='ltr'><strong>renum,</strong></span> <span class='ocrx_word' id='word_1_100' title='bbox 675 2333 884 2406; x_wconf 86' lang='lat' dir='ltr'><strong>ureterum‚</strong></span> <span class='ocrx_word' id='word_1_101' title='bbox 897 2318 1043 2406; x_wconf 85' lang='lat' dir='ltr'><strong>vesicae,</strong></span> <span class='ocrx_word' id='word_1_102' title='bbox 1061 2319 1157 2388; x_wconf 88' lang='lat' dir='ltr'><strong>uteri</strong></span> <span class='ocrx_word' id='word_1_103' title='bbox 1167 2341 1269 2405; x_wconf 86' lang='lat' dir='ltr'><strong>,ora-</strong></span> 
     </span>
     <span class='ocr_line' id='line_1_18' title="bbox 342 2433 1271 2528; baseline 0 -24"><span class='ocrx_word' id='word_1_104' title='bbox 342 2437 583 2522; x_wconf 88' lang='lat' dir='ltr'><strong>riorum‚nec</strong></span> <span class='ocrx_word' id='word_1_105' title='bbox 593 2459 671 2506; x_wconf 93' lang='lat' dir='ltr'><strong>non</strong></span> <span class='ocrx_word' id='word_1_106' title='bbox 682 2433 1036 2528; x_wconf 86' lang='lat' dir='ltr'><strong>testiculorum(sub</strong></span> <span class='ocrx_word' id='word_1_107' title='bbox 1047 2436 1201 2506; x_wconf 89' lang='lat' dir='ltr'><strong>nomine</strong></span> <span class='ocrx_word' id='word_1_108' title='bbox 1212 2449 1271 2504; x_wconf 89' lang='lat' dir='ltr'><strong>tu-</strong></span> 
     </span>
     <span class='ocr_line' id='line_1_19' title="bbox 341 2529 1326 2648; baseline 0.003 -27"><span class='ocrx_word' id='word_1_109' title='bbox 341 2553 433 2622; x_wconf 88' lang='lat' dir='ltr'><strong>nicae</strong></span> <span class='ocrx_word' id='word_1_110' title='bbox 443 2551 639 2648; x_wconf 83' lang='lat' dir='ltr'><strong>vaginalis)</strong></span> <span class='ocrx_word' id='word_1_111' title='bbox 659 2549 802 2622; x_wconf 84' lang='lat' dir='ltr'><strong>format.</strong></span> <span class='ocrx_word' id='word_1_112' title='bbox 813 2556 894 2622; x_wconf 84' lang='lat' dir='ltr'><strong>Hac</strong></span> <span class='ocrx_word' id='word_1_113' title='bbox 911 2552 1035 2624; x_wconf 87' lang='lat' dir='ltr'><strong>eadem</strong></span> <span class='ocrx_word' id='word_1_114' title='bbox 1055 2551 1271 2628; x_wconf 86' lang='lat' dir='ltr'><strong>membmna</strong></span> <span class='ocrx_word' id='word_1_115' title='bbox 1309 2529 1326 2640; x_wconf 40' lang='lat' dir='ltr'>J</span> 
     </span>
     <span class='ocr_line' id='line_1_20' title="bbox 342 2669 1271 2769; baseline 0.001 -28"><span class='ocrx_word' id='word_1_116' title='bbox 342 2673 455 2742; x_wconf 88' lang='lat' dir='ltr'><strong>etiam</strong></span> <span class='ocrx_word' id='word_1_117' title='bbox 486 2669 720 2769; x_wconf 85' lang='lat' dir='ltr'><strong>superficiem</strong></span> <span class='ocrx_word' id='word_1_118' title='bbox 752 2671 1010 2768; x_wconf 87' lang='lat' dir='ltr'><strong>cartilaginum</strong></span> <span class='ocrx_word' id='word_1_119' title='bbox 1037 2685 1075 2744; x_wconf 91' lang='lat' dir='ltr'><strong>et</strong></span> <span class='ocrx_word' id='word_1_120' title='bbox 1099 2671 1271 2744; x_wconf 84' lang='lat' dir='ltr'><strong>cavitates</strong></span> 
     </span>
     <span class='ocr_line' id='line_1_21' title="bbox 340 2791 1198 2888; baseline 0.001 -28"><span class='ocrx_word' id='word_1_121' title='bbox 340 2791 584 2867; x_wconf 89' lang='lat' dir='ltr'><strong>articulorum</strong></span> <span class='ocrx_word' id='word_1_122' title='bbox 602 2793 701 2888; x_wconf 84' lang='lat' dir='ltr'><strong>tegit.</strong></span> <span class='ocrx_word' id='word_1_123' title='bbox 1182 2867 1198 2872; x_wconf 65' lang='grc'><em>,</em></span> 
     </span>
    </p>

    <p class='ocr_par' dir='ltr' id='par_1_3' title="bbox 292 2908 1271 3728">
     <span class='ocr_line' id='line_1_22' title="bbox 389 2908 1270 3002; baseline 0.001 -20"><span class='ocrx_word' id='word_1_124' title='bbox 389 2915 432 2983; x_wconf 92' lang='lat'><strong>11.</strong></span> <span class='ocrx_word' id='word_1_125' title='bbox 464 2914 686 2988; x_wconf 74' lang='lat' dir='ltr'><strong>Membrana</strong></span> <span class='ocrx_word' id='word_1_126' title='bbox 711 2939 885 3002; x_wconf 83' lang='lat' dir='ltr'><strong>mucosa,</strong></span> <span class='ocrx_word' id='word_1_127' title='bbox 911 2912 963 2981; x_wconf 84' lang='lat' dir='ltr'><strong>sic</strong></span> <span class='ocrx_word' id='word_1_128' title='bbox 981 2908 1077 2983; x_wconf 87' lang='lat' dir='ltr'><strong>dicta</strong></span> <span class='ocrx_word' id='word_1_129' title='bbox 1095 2937 1117 2984; x_wconf 92' lang='lat' dir='ltr'><strong>a</strong></span> <span class='ocrx_word' id='word_1_130' title='bbox 1134 2937 1270 3002; x_wconf 88' lang='lat' dir='ltr'><strong>muco,</strong></span> 
     </span>
     <span class='ocr_line' id='line_1_23' title="bbox 341 3030 1271 3129; baseline 0.003 -28"><span class='ocrx_word' id='word_1_131' title='bbox 341 3033 409 3129; x_wconf 90' lang='lat' dir='ltr'><strong>qui</strong></span> <span class='ocrx_word' id='word_1_132' title='bbox 432 3034 472 3103; x_wconf 92' lang='lat' dir='ltr'><strong>in</strong></span> <span class='ocrx_word' id='word_1_133' title='bbox 494 3033 577 3126; x_wconf 89' lang='lat' dir='ltr'><strong>ejus</strong></span> <span class='ocrx_word' id='word_1_134' title='bbox 596 3030 792 3129; x_wconf 89' lang='lat' dir='ltr'><strong>superficie</strong></span> <span class='ocrx_word' id='word_1_135' title='bbox 813 3045 1023 3103; x_wconf 86' lang='lat' dir='ltr'><strong>constanter</strong></span> <span class='ocrx_word' id='word_1_136' title='bbox 1044 3036 1271 3124; x_wconf 85' lang='lat' dir='ltr'><strong>secernitur,</strong></span> 
     </span>
     <span class='ocr_line' id='line_1_24' title="bbox 341 3141 1270 3251; baseline 0.002 -27"><span class='ocrx_word' id='word_1_137' title='bbox 341 3177 420 3224; x_wconf 91' lang='lat' dir='ltr'><strong>non</strong></span> <span class='ocrx_word' id='word_1_138' title='bbox 441 3141 562 3225; x_wconf 80' lang='lat' dir='ltr'><strong>solirm</strong></span> <span class='ocrx_word' id='word_1_139' title='bbox 582 3167 696 3224; x_wconf 88' lang='lat' dir='ltr'><strong>totam</strong></span> <span class='ocrx_word' id='word_1_140' title='bbox 717 3149 948 3250; x_wconf 88' lang='lat' dir='ltr'><strong>superficiem</strong></span> <span class='ocrx_word' id='word_1_141' title='bbox 968 3156 1133 3251; x_wconf 89' lang='lat' dir='ltr'><strong>corporis</strong></span> <span class='ocrx_word' id='word_1_142' title='bbox 1154 3155 1270 3226; x_wconf 80' lang='lat' dir='ltr'><strong>exter·</strong></span> 
     </span>
     <span class='ocr_line' id='line_1_25' title="bbox 292 3271 1271 3370; baseline 0.005 -31"><span class='ocrx_word' id='word_1_143' title='bbox 292 3314 296 3322; x_wconf 91' lang='lat'>·</span> <span class='ocrx_word' id='word_1_144' title='bbox 341 3293 453 3360; x_wconf 87' lang='lat' dir='ltr'><strong>nam,</strong></span> <span class='ocrx_word' id='word_1_145' title='bbox 482 3271 552 3343; x_wconf 89' lang='lat' dir='ltr'><strong>sub</strong></span> <span class='ocrx_word' id='word_1_146' title='bbox 581 3273 734 3346; x_wconf 90' lang='lat' dir='ltr'><strong>nomine</strong></span> <span class='ocrx_word' id='word_1_147' title='bbox 758 3274 922 3370; x_wconf 88' lang='lat' dir='ltr'><strong>corporis</strong></span> <span class='ocrx_word' id='word_1_148' title='bbox 950 3275 1111 3361; x_wconf 89' lang='lat' dir='ltr'><strong>mucosi‚</strong></span> <span class='ocrx_word' id='word_1_149' title='bbox 1138 3273 1271 3368; x_wconf 28' lang='lat' dir='ltr'><strong>vel-re·</strong></span> 
     </span>
     <span class='ocr_line' id='line_1_26' title="bbox 342 3375 1269 3488; baseline 0.008 -31"><span class='ocrx_word' id='word_1_150' title='bbox 342 3389 536 3479; x_wconf 87' lang='lat' dir='ltr'><strong>ticnlaris,</strong></span> <span class='ocrx_word' id='word_1_151' title='bbox 569 3375 637 3463; x_wconf 80' lang='lat' dir='ltr'><strong>aut</strong></span> <span class='ocrx_word' id='word_1_152' title='bbox 665 3395 752 3463; x_wconf 90' lang='lat' dir='ltr'><strong>retis</strong></span> <span class='ocrx_word' id='word_1_153' title='bbox 782 3393 924 3463; x_wconf 88' lang='lat' dir='ltr'><strong>mucosi</strong></span> <span class='ocrx_word' id='word_1_154' title='bbox 952 3389 1175 3488; x_wconf 84' lang='lat' dir='ltr'><strong>Malpighii,</strong></span> <span class='ocrx_word' id='word_1_155' title='bbox 1205 3391 1269 3464; x_wconf 87' lang='lat' dir='ltr'><strong>sed</strong></span> 
     </span>
     <span class='ocr_line' id='line_1_27' title="bbox 341 3509 1268 3611; baseline 0.006 -33"><span class='ocrx_word' id='word_1_156' title='bbox 341 3509 475 3598; x_wconf 89' lang='lat' dir='ltr'><strong>ctiam,</strong></span> <span class='ocrx_word' id='word_1_157' title='bbox 498 3535 541 3582; x_wconf 84' lang='lat' dir='ltr'><strong>ex</strong></span> <span class='ocrx_word' id='word_1_158' title='bbox 554 3513 623 3583; x_wconf 89' lang='lat' dir='ltr'><strong>hac</strong></span> <span class='ocrx_word' id='word_1_159' title='bbox 633 3512 829 3611; x_wconf 87' lang='lat' dir='ltr'><strong>superficie</strong></span> <span class='ocrx_word' id='word_1_160' title='bbox 838 3513 989 3600; x_wconf 76' lang='lat' dir='ltr'><strong>reflexa,</strong></span> <span class='ocrx_word' id='word_1_161' title='bbox 1014 3513 1268 3584; x_wconf 89' lang='lat' dir='ltr'><strong>membranam</strong></span> 
     </span>
     <span class='ocr_line' id='line_1_28' title="bbox 342 3628 1268 3728; baseline 0.008 -32"><span class='ocrx_word' id='word_1_162' title='bbox 342 3649 530 3698; x_wconf 88' lang='lat' dir='ltr'><strong>mucosaru</strong></span> <span class='ocrx_word' id='word_1_163' title='bbox 563 3631 661 3717; x_wconf 89' lang='lat' dir='ltr'><strong>oris,</strong></span> <span class='ocrx_word' id='word_1_164' title='bbox 685 3632 858 3719; x_wconf 88' lang='lat' dir='ltr'><strong>narium,</strong></span> <span class='ocrx_word' id='word_1_165' title='bbox 879 3628 1062 3721; x_wconf 88' lang='lat' dir='ltr'><strong>faucium,</strong></span> <span class='ocrx_word' id='word_1_166' title='bbox 1084 3630 1268 3728; x_wconf 85' lang='lat' dir='ltr'><strong>laryngis,</strong></span> 
     </span>
    </p>
   </div>
   <div class='ocr_carea' id='block_1_3' title="bbox 342 3746 1269 3852">
    <p class='ocr_par' dir='ltr' id='par_1_4' title="bbox 342 3746 1269 3852">
     <span class='ocr_line' id='line_1_29' title="bbox 342 3746 1269 3852; baseline 0.009 -32"><span class='ocrx_word' id='word_1_167' title='bbox 342 3747 495 3832; x_wconf 72' lang='lat' dir='ltr'><strong>trachea</strong></span> <span class='ocrx_word' id='word_1_168' title='bbox 505 3802 515 3838; x_wconf 84' lang='lat'>‚</span> <span class='ocrx_word' id='word_1_169' title='bbox 526 3746 813 3844; x_wconf 88' lang='lat' dir='ltr'><strong>bronchiorum,</strong></span> <span class='ocrx_word' id='word_1_170' title='bbox 832 3753 921 3826; x_wconf 86' lang='lat' dir='ltr'><strong>etin</strong></span> <span class='ocrx_word' id='word_1_171' title='bbox 936 3749 1045 3826; x_wconf 88' lang='lat' dir='ltr'><strong>oculo</strong></span> <span class='ocrx_word' id='word_1_172' title='bbox 1061 3753 1269 3852; x_wconf 87' lang='lat' dir='ltr'><strong>conjuncti·</strong></span> 
     </span>
    </p>
   </div>
   <div class='ocr_carea' id='block_1_4' title="bbox 0 0 1456 4942">
    <p class='ocr_par' dir='ltr' id='par_1_5' title="bbox 0 0 1456 4942">
     <span class='ocr_line' id='line_1_30' title="bbox 0 0 1456 4942; baseline 0 0"><span class='ocrx_word' id='word_1_173' title='bbox 0 0 1456 4942; x_wconf 95' lang='lat' dir='ltr'><strong> </strong></span> 
     </span>
    </p>
   </div>
  </div>
 </body>
</html>
