2808 4936
339 463 381 531 Ο.
412 463 474 546 VI.
502 462 794 534 PARANOIAE.
963 458 1034 564 569

97 572 288 696 opinionis
302 596 478 696 religiosae
497 557 719 706 torquiudi,
737 595 950 696 plectendi,
968 612 1034 671 aut
1157 583 1159 589 Α

99 716 321 792 trucidandi.

144 901 206 994 Sp.
237 901 269 967 3.
298 894 552 994 Agriothymia
572 896 886 994 Hydrophobioa.

150 1019 328 1090 Κυνόλυσσα
355 1018 474 1090 Groeo.
500 1012 631 1088 Rabies
652 1014 785 1085 canina
803 1015 891 1088 Lat.

147 1189 380 1262 Desiderium
398 1188 619 1262 effrenatum
638 1189 729 1262 alios
748 1188 964 1279 mordendi,
987 1214 1033 1263 ex

100 1333 228 1384 morsu
244 1312 345 1390 canis
359 1324 425 1383 aut
438 1309 533 1382 alius
546 1309 718 1390 animalis
735 1310 855 1386 rabidi
870 1325 1007 1388 ortum.

101 1531 143 1602 G.
171 1533 357 1605 CLXXV.
460 1532 834 1606 MISOPSYCHIA.

148 1652 210 1764 Gr.
225 1656 415 1745 Μισοψυχία,
428 1675 449 1722 a
464 1659 584 1740 Μισέω,
600 1652 711 1728 odere
726 1705 735 1741 ‚
754 1667 790 1730 et
807 1659 893 1745 Ψυχὴ
906 1651 920 1740 ’,
934 1653 1009 1724 vita
1025 1679 1032 1724 ε

101 1768 263 1858 Odium,
280 1794 344 1840 seu
364 1770 513 1841 taedium
534 1773 626 1844 vitae.

155 1951 347 2062 Insania,
363 1954 410 2036 in
430 1981 512 2066 qua
527 1954 627 2066 aegri
641 1952 851 2065 languidi,
866 1955 1033 2060 moesti,

101 2085 203 2168 vitae
218 2080 385 2199 pertaesi
414 2086 675 2171 desiderium
708 2103 904 2171 constans
939 2113 1035 2172 seu-

101 2220 215 2305 tiunt
235 2221 315 2304 sibi
335 2221 470 2311 vitam
488 2219 717 2308 adimendi.
745 2220 929 2305 Morbus
955 2251 1034 2334 per

102 2383 296 2456 meuses,
326 2383 413 2437 nou
433 2385 528 2438 raro
549 2355 676 2438 eliam
702 2383 781 2468 per
800 2383 934 2438 annos
955 2355 1036 2440 du-

101 2517 228 2588 rans,
261 2518 370 2600 saepe
392 2518 447 2573 ex
476 2490 638 2598 jaclura
656 2485 853 2596 honoris,
886 2483 1033 2594 famae,
1056 2504 1061 2526 *

101 2618 308 2726 fortunae3
331 2621 588 2734 quandoque
604 2651 659 2706 ex
676 2617 901 2733 emphraxi
918 2649 1037 2704 vaso·

102 2785 203 2839 rum
220 2755 524 2840 velvisoerum
552 2752 917 2855 abdomiualium,
963 2770 1037 2838 aut

103 2917 351 2993 examore,
381 2885 453 2971 vel
482 2917 536 2968 ex
564 2881 667 2969 falsa
692 2885 909 2997 religionis
939 2884 1034 2970 idea

104 3032 178 3103 aut
221 3047 275 3102 ex
309 3016 405 3102 idea
437 3015 640 3114 libertatis
679 3016 859 3108 exaltata
888 3032 1034 3128 ortus,

105 3148 362 3264 quandoque
383 3151 510 3232 eliam
538 3149 637 3266 aegri
666 3148 755 3235 sine
791 3145 875 3234 ulla
909 3177 1036 3232 causa

104 3281 244 3366 morbi
266 3277 524 3394 apparente,
546 3309 614 3364 res
631 3309 726 3364 suas
744 3295 1035 3392 componunt,

105 3413 250 3498 amicis
265 3412 536 3516 valedicunt,
560 3427 601 3496 et
612 3411 839 3524 lrauquille
852 3427 1036 3496 mortem

103 3547 183 3630 sibi
197 3544 399 3634 inferunt.
422 3545 607 3630 Morbus
628 3575 718 3630 uon
738 3574 835 3628 raro
855 3544 902 3626 in
930 3571 1035 3655 apo-

6 3673 7 3676 ‘
104 3679 321 3790 plexiam,
374 3678 623 3792 epilepsiam
663 3695 735 3768 aut
770 3680 817 3768 iu
846 3677 1036 3768 maniam

101 3807 380 3904 furibundam
413 3809 568 3900 abiens.
