2908 4938
347 412 441 489 ‚186
557 415 632 482 CL.
658 412 710 480 11.
736 413 1105 488 DYSECCRISES.

414 553 453 626 h.
479 553 531 622 Ex
550 547 698 621 faecibus
723 547 828 620 duris
848 549 889 620 in
917 550 1095 624 intestino
1124 565 1225 626 recto
1246 576 1302 624 ec-

466 665 678 740 cumulatis.

415 845 687 946 Haemorrhagia
706 835 804 922 uteri
826 868 1108 920 cnavrnanun
1126 859 1302 946 praeterea

471 967 588 1038 variat
603 993 611 1035 ε

335 1106 351 1182 ἰ
367 1154 398 1197 α.
426 1125 457 1193 Λ
480 1137 699 1222 praematura
726 1120 837 1194 foetus
856 1121 1089 1210 exclusione,
1114 1143 1179 1193 scu
1200 1121 1302 1195 abor·

358 1265 363 1276 “
420 1243 533 1314 tione.

367 1365 402 1456 β.
428 1367 453 1436 Α
478 1362 646 1459 placenta
661 1357 804 1431 orificio
823 1361 920 1431 uteri
937 1361 1087 1431 interno
1101 1372 1250 1430 acereta.

368 1511 399 1576 y.
426 1481 456 1549 A
480 1477 578 1551 malo
592 1480 665 1552 situ
685 1475 851 1551 uteritel
865 1473 977 1550 foetus
989 1479 1252 1575 antepartum.

367 1601 399 1673 δ.
427 1602 458 1670 Α
479 1614 589 1698 partu
608 1595 769 1687 difficili,
789 1611 854 1668 aut
872 1597 989 1669 nimis
1004 1589 1130 1671 citato.

370 1747 398 1791 ε.
423 1716 698 1806 Λὴαάὴωείοῐιε
715 1715 891 1817 placenta
905 1707 1062 1815 partiali.

369 1845 400 1920 ζ.
424 1835 654 1910 Asolutione
667 1835 842 1934 placentae
854 1827 1035 1925 violenta,
1053 1848 1139 1906 ante
1150 1829 1208 1906 vel
1219 1847 1304 1931 post

415 1968 579 2050 partum.

367 2104 397 2153 η.
419 2071 451 2141 Α
471 2073 509 2143 vi
529 2097 755 2171 quacunque
784 2087 891 2148 utere
912 2073 1062 2172 gravido
1088 2086 1237 2146 externe
1263 2071 1304 2142 il·

422 2187 504 2264 lata.
930 2273 936 2286 .

368 2317 404 2381 θ.
435 2311 672 2406 &sanguine
699 2312 739 2379 in
767 2324 917 2383 uterum
945 2323 1029 2408 post
1052 2323 1202 2407 partum
1241 2333 1303 2382 su·

418 2425 500 2498 bito
525 2428 769 2524 irrumpente.

370 2577 390 2618 ι.
413 2545 445 2614 Α
469 2541 588 2645 {apriis
607 2543 799 2616 abdomini
813 2545 1032 2618 arctioribus
1048 2562 1132 2645 pust
1151 2561 1302 2647 partum

417 2660 622 2764 applicatis.

417 2843 482 2942 Sp.
507 2841 540 2916 t.
564 2839 839 2941 Hemorrhagia
858 2849 1129 2920 Intestinoturn.

421 3022 651 3128 Profluvium
677 3027 868 3126 sanguinis
896 3027 1059 3101 activum
1092 3050 1137 3098 ex
1165 3027 1306 3098 ventri-

372 3141 476 3232 culo,
502 3142 659 3240 hepate,
682 3143 867 3215 intestinis
879 3197 899 3234 ‚-
917 3159 982 3217 aut
1001 3131 1237 3242 peculiariter
1261 3165 1308 3214 ex

375 3277 493 3353 reem,
520 3286 587 3362 per
608 3286 737 3335 anum.

373 3429 455 3496 Sru.
467 3423 751 3522 Emerui-rhegin
759 3427 971 3523 sanguinea.
985 3425 1027 3523 (a
1037 3445 1094 3522 gr.
1104 3409 1236 3523 ἑπερα,
1248 3425 1307 3496 in·

394 3592 399 3600 -
520 3544 652 3614 testina
679 3597 689 3616 .

472 3542 741 3758 Archorrhigia
762 3662 976 3758 sanguinea.
990 3661 1035 3761 (a
1049 3683 1104 3762 gr.
1117 3629 1236 3762 Ᾰρχὸς,
1247 3661 1309 3734 in·

523 3780 700 3858 teatinum
715 3779 889 3874 rectum).
