2926 4942
410 454 496 551 xviij
727 447 1024 524 PRAEFATIO.

410 599 592 692 suigiam,
622 592 916 689 Osphyalgim
939 592 1185 688 Isohialgiam
1193 646 1208 683 ,
1227 598 1342 695 Myo=

408 720 583 814 dynim,
607 713 906 809 Arthrodyniam
929 723 966 780 et
992 713 1264 809 Osteodynium.
1288 749 1340 789 -r

412 839 546 916 Colicoe
562 859 700 906 nomen
714 856 848 928 vagum
858 855 880 905 a
892 835 1013 910 Pnuuo
1024 832 1148 930 primo
1157 834 1339 906 usitatum

407 955 543 1050 rejeci,
584 952 693 1048 eique
718 973 856 1020 nomen
888 953 1119 1044 Entoralgiae
1147 949 1338 1024 substitui.

406 1076 573 1172 Pyrosin
596 1094 617 1142 a
642 1073 807 1140 Gomon
834 1067 879 1140 nd
903 1092 1066 1166 spasmos
1091 1064 1266 1160 ielatam,
1292 1087 1338 1175 ut

406 1191 565 1290 speciem
591 1185 810 1286 gasteralgiae
839 1186 1042 1262 considero.
1064 1191 1121 1260 An
1147 1193 1337 1287 Dyspho·

405 1317 502 1408 rimu
514 1309 752 1406 ,Alysmum
765 1321 802 1377 et
820 1309 1012 1387 amomum
1030 1321 1125 1386 recte
1143 1305 1204 1380 hio
1217 1308 1337 1407 adop-

406 1430 583 1520 taverim,
607 1427 759 1526 practici
770 1425 952 1520 judicent.

452 1629 558 1698 Ouuo
573 1627 632 1697 lv.
658 1628 910 1718 Dyskinesiae,
925 1618 1020 1695 sistit
1043 1647 1087 1722 19
1101 1648 1256 1723 genera,
1275 1629 1332 1700 in-

401 1761 457 1820 ter
473 1771 555 1845 quae
567 1745 676 1844 plura
689 1743 869 1816 hactenus
885 1743 1109 1842 praetervisa,
1126 1743 1185 1816 vel
1206 1749 1331 1819 nomi-

400 1865 513 1937 nibus
528 1863 744 1963 incongruis
760 1862 934 1962 insignita
951 1860 1116 1933 fuerunt.
1141 1863 1222 1934 Huc
1239 1889 1330 1962 praef

397 1983 508 2080 cipue
535 1984 726 2081 pertinent
751 1985 802 2055 H
793 1981 1065 2079 ypererethis'io
1076 2036 1090 2071 ,
1121 1987 1165 2054 H
1162 1979 1328 2080 jperoes·

397 2105 519 2176 thesio
527 2157 541 2192 ‚
554 2105 858 2198 Hyperkinesia,
873 2102 1164 2193 Rhembasmus,
1179 2103 1327 2178 Gordio-

393 2217 1086 2319 patmus,Pntga110n,'1'niogopuobia
1100 2275 1116 2311 ‚
1135 2224 1323 2320 Dyscolo·

389 2347 524 2438 posia,
548 2353 585 2411 et
604 2341 765 2416 Avonte.
784 2341 888 2411 Huu’.

444 2483 493 2551 H
485 2481 734 2578 yperkinesiae
757 2477 910 2548 nomine
936 2473 1122 2576 designavi
1149 2479 1325 2554 morbum

392 2627 414 2675 a
430 2605 569 2674 cunni
582 2595 706 2668 aliisve
718 2599 765 2670 H
761 2601 943 2696 ystoriam
953 2591 1180 2698 appellatum
1193 2653 1204 2683 ‚
1221 2599 1325 2699 quod

392 2741 562 2792 nomena
576 2740 691 2816 graeoo
701 2709 881 2787 vocabulo
894 2704 1067 2814 hyssera,
1083 2717 1184 2814 quod
1199 2717 1325 2793 latinis

392 2851 542 2908 uterum
558 2832 761 2931 significat,
774 2829 1003 2922 derivatum,
1021 2835 1178 2907 omnino
1194 2836 1322 2910 incon·

390 2977 528 3054 gruum
547 2965 623 3038 est;
641 2948 763 3048 quod,
780 2964 824 3021 ut
836 2953 976 3029 Cuuunu
994 2953 1072 3052 ipse
1083 2949 1189 3025 docet
1201 3008 1211 3042 ,
1224 2980 1320 3030 mor.

387 3069 461 3148 bus
472 3073 533 3144 hic
545 3075 709 3146 uterinus
719 3069 840 3142 dictus
851 3124 860 3158 ,
873 3095 965 3170 supe
978 3074 1089 3143 etiam
1102 3074 1200 3145 viros
1217 3077 1317 3148 iuva·

389 3191 474 3282 dat3
493 3217 537 3264 ex
550 3211 624 3287 qua
634 3211 740 3259 causa
752 3187 814 3258 alii
826 3189 989 3260 eundem
1005 3199 1097 3262 tunc'
1112 3193 1318 3290 hffoohon·

388 3315 534 3386 driasin
556 3313 635 3383 sine
660 3311 818 3382 materia
842 3306 1089 3432 appellarunt

436 3449 514 3522 Sub
527 3435 772 3524 Rhembasmo
788 3447 964 3520 morbum
987 3447 1178 3546 intelligo,
1201 3450 1316 3550 vulgo

384 3547 766 3642 Somnambulismum
801 3565 979 3638 dictum
958 3591 1108 3663 ‚quem
1142 3570 1313 3642 Cuunsu

386 3691 672 3785 Oneirodyniam
677 3691 843 3760 activum
851 3687 1038 3772 nominat
1049 3702 1086 3758 et
1094 3686 1139 3758 ad
1147 3711 1314 3761 vesanus

382 3807 503 3900 refert.
514 3811 690 3884 Nomena
705 3830 765 3889 me
781 3805 996 3906 adoptatum
1012 3807 1164 3900 melius,
1180 3823 1222 3884 ut
1236 3833 1312 3882 cre·
