2926 4942
444 437 740 512 ruerarro.
969 441 1054 532 no]

132 576 234 666 tiasi,
250 599 357 674 aqua
370 579 610 652 essentialiter
620 578 744 652 differt
756 633 765 668 ,
779 577 956 652 confusus
969 581 1058 670 suit3

132 697 193 769 sed
211 696 345 770 Arabes
361 697 431 770 hos
448 697 612 788 morbos,
634 701 796 798 priorem
816 699 887 772 sub
904 701 1058 773 nomine

134 817 347 908 Daui-stt,
365 831 401 888 et
413 817 650 916 posteriorem
664 817 735 890 sub
747 821 985 896 Darii-Aeaci
993 835 1060 892 aut

132 937 241 1006 etiam
258 939 391 1010 Iuram
401 992 417 1027 ,
439 961 583 1034 semper
597 951 704 1010 acute
720 937 989 1024 distinxerunt,
1015 953 1059 1010 ut

131 1052 170 1121 in
184 1067 287 1124 textu
301 1055 437 1126 notavi.
451 1058 520 1128 Hic
535 1054 719 1129 morbosa
734 1055 931 1154 Nosologiae
946 1057 1062 1154 scrip-

130 1169 273 1244 toribus
289 1155 736 1272 hacteuuspraetervisus,
756 1190 853 1248 certe
883 1176 924 1248 in
947 1189 1057 1272 syste-

127 1305 224 1361 mate
235 1291 450 1390 Nosologioo
466 1292 590 1368 locum
606 1309 788 1368 meretur..
836 1361 843 1382 ,

177 1449 411 1542 Scrofulam,
427 1447 630 1546 grecissub
642 1449 796 1520 nomine
818 1477 826 1519 ι
855 1451 1057 1523 Choirades

128 1580 276 1655 notam,
299 1569 450 1640 nonnisi
464 1570 613 1640 unimm
626 1589 806 1666 agnosco3
834 1569 901 1640 etsi
916 1571 1057 1640 Cumm

130 1709 221 1756 eum
232 1689 417 1758 Sauvaous
430 1689 566 1786 species
578 1687 715 1786 plures,
726 1688 914 1786 praecipue
925 1691 1056 1784 vulga·

131 1832 228 1893 rem,
235 1807 413 1900 fugacem
422 1863 436 1896 ,
454 1811 724 1880 mesentericom
731 1861 745 1894 ‚
762 1818 799 1874 et
811 1809 1063 1878 moriennam

22 1937 31 1946 ·
124 1903 313 1976 admittat.
332 1909 469 1980 Cusum
484 1919 654 2004 praeterea
678 1910 862 2008 strumam
882 1903 1057 1976 recentio-

131 2049 218 2094 rum
229 2021 480 2114 oumsorofula
490 2023 582 2096 male
591 2021 804 2112 confundit;
818 2049 903 2100 nam
910 2029 1062 2096 Struma

132 2145 386 2220 recentiorum.
414 2143 566 2218 morbus
588 2160 641 2219 est
666 2169 686 2214 a
710 2147 855 2218 Struma
881 2149 980 2218 Cnsr
1005 2171 1057 2218 es·

115 2260 336 2348 ¹sentialiter
353 2259 539 2336 diversus:
554 2263 655 2334 Prior
678 2261 724 2332 ad
746 2261 875 2334 locales
898 2264 1066 2361 pertinet.

130 2381 243 2480 (Vide
255 2383 502 2484 Thyronous),·
513 2384 692 2482 posterior
703 2379 897 2455 scrofulam
908 2383 1058 2482 proprie

130 2503 297 2579 denotat.

114 2741 119 2747 ·
189 2717 249 2789 Au
274 2725 360 2790 Ouo.
387 2719 428 2785 V.
458 2717 661 2790 cachexias
686 2719 867 2790 decolores
876 2771 891 2808 ‚
922 2685 1055 2786 retuli:

25 2882 29 2886 ‚
135 2864 168 2911 1.
195 2839 593 2934 Leucophlegmatiom.
615 2861 646 2908 2.
668 2837 913 2930 Cholorosin,
944 2859 1058 2934 quam

129 2961 319 3029 Cumas
347 2955 394 3026 ed
427 2955 647 3052 Adynamias
679 2941 799 3028 refert.
827 2955 860 3027 3.
886 2957 1057 3030 lotorum.

134 3079 170 3161 4.
185 3079 411 3150 mortorum.
436 3073 467 3146 5.
485 3077 665 3164 Ρείἰοεὶη,
677 3087 714 3145 et
730 3071 764 3146 6.
781 3075 1060 3150 Arterioclzalo-

134 3202 204 3270 sin.
222 3199 368 3268 Horum
386 3195 463 3268 duo
486 3195 610 3268 ultimi
629 3177 749 3268 morssi
768 3189 827 3262 hio
844 3193 964 3294 prima
983 3191 1061 3260 viee

138 3317 178 3385 in
192 3329 384 3404 systemate
398 3313 606 3410 nosologico
628 3324 822 3383 oocurunt.
835 3349 890 3363 -
904 3309 1071 3378 Arterio-‚

139 3431 300 3504 chalasiu
320 3431 394 3502 huo
410 3428 547 3519 retuli,
572 3427 673 3526 quod
688 3451 767 3498 eam
785 3450 928 3528 semper
942 3424 1068 3497 colore

23 3551 25 3555 ’
137 3551 233 3622 cotis
255 3548 436 3648 peculiari
462 3543 644 3646 squallido
667 3546 833 3642 junctam
854 3542 1039 3616 observavi
1051 3572 1073 3632 32

137 3667 248 3738 sedsi
269 3668 355 3765 quis
371 3667 524 3738 eandem
547 3667 672 3764 potius
692 3665 748 3736 ad'
761 3667 1076 3752 lutumesceutias.'

137 3785 368 3862 referendum
384 3811 458 3860 esse
475 3784 597 3858 credat
610 3838 627 3874 „
639 3783 676 3857 id
688 3783 791 3868 facile
807 3783 912 3858 dabo.
927 3787 1070 3856 Forsau
