2900 4942
373 395 420 470 58
630 397 703 464 CL.
730 395 758 461 l.
792 392 1047 480 ΡΥΒΕΧΙΕ,

369 531 507 626 ιυῐιὶοω
524 532 822 630 aponeurotieae,
846 529 1005 627 praebet,
1020 510 1088 603 sed'
1107 542 1145 600 et
1169 529 1211 605 iu
1228 531 1309 628 ipsa

370 648 629 727 musculorum
647 650 844 722 interstitia
860 645 1102 722 descendunt
1123 648 1306 744 impedit,

285 845 291 855 ⁸
370 767 534 840 nefibrae
543 765 1309 846 muscularesesedesuafaoiledimovean·

371 901 446 958 tur.
467 891 547 958 Haec
566 886 782 961 membrana
806 901 980 985 praeterea
997 908 1247 984 aponeuroses
1266 900 1305 958 et

370 1006 538 1106 capsulas
569 1005 721 1082 fibrosas
748 1004 1053 1081 articulationum
1078 1057 1089 1092 ,
1119 1002 1311 1093 sacculos,

369 1151 436 1224 seu
452 1125 795 1217 bumassynoviales
807 1149 906 1223 genu
922 1148 1026 1223 aeque
1042 1148 1084 1196 ao
1098 1121 1311 1200 coxendiuis

369 1248 610 1346 aliarumque
626 1245 953 1333 articulatiouum,
982 1245 1132 1342 vaginas
1154 1241 1309 1320 fibrosas

371 1365 592 1454 tendinum,
610 1362 854 1461 tendinesque
871 1364 969 1460 ipsos
986 1386 1027 1434 ao
1042 1361 1240 1459 ligamenta
1250 1386 1307 1434 va·

372 1489 429 1559 ria
449 1486 752 1557 articulationum
774 1481 918 1556 format.
938 1481 1072 1555 Eadem
1090 1479 1309 1555 membmna

372 1605 509 1678 fibrosa
524 1606 634 1678 etiam
648 1605 812 1677 tunicam
824 1601 963 1701 splenis
975 1603 1160 1674 internam
1173 1603 1309 1676 consti·

374 1725 473 1812 tuit,
488 1746 642 1819 corpora
666 1743 860 1793 cavernosa
883 1722 991 1820 penis
1008 1721 1152 1816 cingit,
1169 1720 1308 1792 ventri-

373 1842 526 1930 culum,
545 1844 702 1914 vesicam
724 1857 763 1916 et
785 1866 891 1914 renes
909 1841 1190 1930 circumdat,ac
1211 1866 1307 1916 cere·

374 1960 445 2033 bro
459 1961 529 2033 sub
544 1963 698 2034 nomine
721 1962 822 2036 durae
839 1965 992 2051 matris,
1018 1962 1136 2036 oculis
1151 1961 1224 2036 sub
1242 1987 1311 2034 no-

376 2082 479 2152 mine
491 2080 711 2170 scleroucae,
734 2082 913 2156 testiculis
929 2082 1009 2154 ¹sub
1032 2084 1187 2158 nomine
1203 2080 1309 2156 albu·

375 2199 491 2298 gineae
505 2255 516 2290 ,
532 2193 677 2275 ossibus
701 2203 771 2276 sub
795 2205 949 2276 nomine
972 2203 1144 2299 periostei
1168 2201 1312 2286 involu-¹

375 2343 483 2392 crum
503 2337 648 2418 praestat
659 2375 668 2410 ,
681 2337 719 2394 et
740 2345 872 2394 nervos
887 2321 1151 2418 musculosque
1165 2321 1310 2418 ubique

376 2464 445 2537 per
461 2455 581 2512 totum
602 2466 739 2540 corpus
753 2443 969 2528 comitatur,
987 2455 1146 2537 utraque
1167 2466 1233 2514 sua
1250 2465 1311 2514 su·

376 2556 528 2656 perficie
540 2547 685 2656 §emper
699 2583 787 2633 cum
809 2558 1035 2631 membranis
1055 2575 1121 2632 aut
1141 2559 1312 2656 partibus

376 2679 509 2750 vicinis
525 2678 719 2753 cohaerens.
750 2682 795 2749 In
814 2679 1023 2752 ureteribus
1045 2693 1081 2750 et
1098 2679 1216 2754 vesica
1236 2680 1312 2752 uri·

376 2799 480 2870 uaria
494 2851 504 2885 ,
520 2800 561 2868 in
578 2797 748 2886 umbra,
767 2799 808 2868 in
826 2821 908 2868 vase
922 2796 1132 2887 deferente,
1160 2801 1200 2870 iu
1214 2801 1310 2870 uari·

376 2913 449 2988 bus
476 2929 513 2986 et
545 2916 586 2988 in
611 2915 778 3006 ossibus,
814 2915 1029 2988 membrana
1056 2915 1191 2990 fibrosa
1219 2941 1308 2988 cum

376 3033 591 3106 membrana
620 3059 770 3108 mucosa
796 3038 927 3116 intime
956 3039 1173 3127 intertexta,
1195 3042 1313 3114 Mem·

378 3156 532 3230 brmmm
544 3159 1112 3254 fibruso-mucosammnstituit.

425 3279 478 3349 Ex
495 3274 563 3348 hac
580 3275 881 3350 membranarum
901 3280 1033 3350 notitia
1047 3263 1310 3375 evidenturpa-

377 3405 453 3481 tet,
469 3393 688 3466 divisionem
710 3395 1071 3482 inflammafionum,
1090 3396 1138 3468 ab
1150 3399 1310 3470 auctori-

378 3510 449 3584 bus
460 3513 639 3588 hactenus
650 3515 841 3604 traditam,
857 3517 1126 3612 incongruam,
1140 3539 1310 3588 mancam

379 3644 416 3701 et
435 3631 475 3700 iu
492 3633 600 3727 praxi
613 3634 771 3704 omniuo
791 3633 964 3706 inutilem
976 3657 1060 3706 esse.

428 3751 500 3826 Nos
523 3774 611 3850 ergo
636 3751 881 3850 Phlegmasias
909 3777 975 3830 seu
998 3751 1314 3830 inflammationes
