2926 4942
389 459 453 559 viij
699 456 994 529 usurario.

382 602 496 694 giam·
521 591 585 664 sed
602 591 750 665 morbos
766 592 813 664 ab
828 617 872 664 eo
888 591 960 664 sub
974 587 1167 662 Profluviis
1186 613 1311 662 recen·

385 716 474 788 sitos
485 715 620 786 rectius
630 712 675 782 ad
690 711 1022 802 inflammationes,
1035 726 1072 783 et
1086 709 1313 782 Haemorrba·

277 847 284 856 ‘
385 836 461 930 gias
472 835 597 932 potius
606 831 652 902 ad
661 831 815 902 Classem
826 830 1050 928 peculiarem
1059 832 1313 904 excretionum

385 952 623 1026 abnormium
640 950 824 1046 pertinere
836 950 974 1022 censui.

435 1067 687 1139 Accidentales
696 1066 868 1139 Febrium
880 1068 1085 1152 varietates,
1098 1063 1313 1136 maleame·

383 1183 478 1264 dicis
486 1183 690 1274 intellecta,
702 1183 878 1256 haetenus
889 1208 1061 1281 magnam
1078 1185 1117 1256 iu
1133 1182 1314 1255 divisione

387 1303 563 1377 Febrium
600 1301 856 1376 confusionem
900 1303 1141 1374 induxerunt.
1160 1369 1167 1382 ,
1183 1299 1316 1372 Febres

388 1420 515 1494 multae
528 1419 693 1517 ejusdem
711 1421 849 1494 indolis
865 1423 905 1493 in
919 1420 1071 1492 diversis
1087 1418 1316 1507 homiuibus,

388 1554 454 1612 aut
471 1537 623 1611 diversis
639 1539 870 1637 temporibus
880 1552 1113 1611 occurrentes
1127 1591 1137 1625 ,
1159 1535 1208 1608 ob
1219 1561 1316 1627 sym·

388 1671 552 1756 ptomata
567 1658 829 1750 eminentiora,
843 1681 934 1755 saepe
947 1673 990 1729 ut
1002 1654 1316 1734 essentialiterdif·
1430 1709 1433 1714 -

388 1774 552 1850 serentes
562 1776 796 1849 consideratas
812 1776 976 1850 fuerunt.
995 1784 1055 1849 Hae
1070 1776 1230 1849 febrium
1245 1802 1315 1875 pu·

388 1894 514 1965 tatitiae
540 1895 719 1966 novitates
746 1910 782 1966 et
808 1895 1028 1982 divisiones,
1054 1910 1096 1986 ut
1113 1900 1224 1965 Suom
1239 1894 1315 1988 jam

387 2025 485 2082 recte
499 2012 659 2101 notavit,
670 2036 714 2084 ex
727 2038 802 2084 uou
818 2005 1026 2086 necessariis
1036 2014 1133 2084 uotis
1144 2014 1316 2110 repetita,

389 2127 655 2226 Pyretologiam
675 2133 768 2203 mire
787 2132 1007 2220 turbarunt,
1038 2146 1103 2203 aut
1122 2133 1243 2203 verius
1267 2154 1316 2204 ne

388 2247 465 2320 ulla
485 2247 678 2350 bucusque
708 2254 864 2351 practica
891 2251 1062 2322 Febrium
1089 2247 1315 2322 classificatio

387 2367 499 2440 condi
518 2372 706 2466 potuerit,
723 2371 1008 2469 impediverunt.
1032 2373 1113 2442 flaec
1133 2371 1227 2440 circa
1252 2373 1315 2440 Fe·

386 2487 471 2560 bres
486 2467 628 2560 monita
645 2514 730 2562 cum
750 2491 793 2561 iis
812 2517 893 2590 quae
913 2493 955 2561 G.
977 2493 1140 2562 Fonorcr
1162 2490 1314 2581 docuit,

388 2621 426 2680 et
442 2633 524 2706 quae
541 2610 617 2706 ipse
635 2610 672 2680 iu
693 2611 937 2700 nosocomiis,
955 2623 990 2681 et
1007 2608 1141 2680 deinde
1156 2611 1195 2680 in
1210 2610 1316 2709 praxi

386 2707 527 2825 brivato
541 2753 561 2800 a
575 2728 816 2830 quadraginta
831 2729 968 2800 abhinc
983 2731 1093 2798 annis
1107 2744 1317 2800 constanter

388 2848 563 2939 etsedulo
575 2850 715 2936 notavi,
731 2873 789 2920 me
802 2848 845 2919 ad
860 2847 1154 2921 construendum
1173 2873 1314 2921 novum

386 2966 563 3053 Febrium
591 2982 748 3057 systema
780 2968 1144 3056 determinaverunt,
1170 2972 1210 3040 iu
1237 2994 1314 3068 quo

387 3084 485 3156 nihil
511 3084 703 3156 theoretici
728 3088 929 3184 assumpsi,
957 3084 1018 3158 sed
1042 3087 1128 3158 solis
1145 3088 1314 3159 observa-

386 3204 555 3278 tionibus
571 3204 731 3294 ductus,
748 3229 888 3277 errores
902 3205 1061 3278 aliorum
1081 3209 1215 3278 evitare
1236 3219 1315 3278 stu·

354 3401 356 3407 ,
388 3324 466 3397 dui.

391 3519 396 3536 ,
434 3444 756 3518 Numerosissimas
770 3445 922 3542 Febres,
949 3469 969 3516 a
987 3444 1118 3516 Graecis
1135 3458 1171 3515 et
1183 3467 1311 3528 ,recen-

386 3562 766 3662 tioribusdescriptas,
780 3567 826 3638 ad
838 3566 1011 3638 undecim
1022 3564 1310 3662 generareduxi3

383 3695 421 3753 et
436 3678 557 3751 forsan
574 3679 696 3756 adhuc
714 3683 870 3770 rectius,
897 3679 1125 3754 excludendo
1155 3681 1308 3752 Febrem

385 3798 649 3888 rheumaticam
664 3815 701 3872 et
713 3801 863 3876 Febrem
878 3802 1106 3904 pituitosam‚
1117 3800 1163 3874 ad
1174 3825 1308 3876 norem
