2870 4938
351 385 394 457 O.
421 385 471 456 11.
496 381 818 458 EtlscHEsts.
986 385 1055 483 267

122 553 151 615 y.
172 522 202 588 A
219 517 363 592 defectu
377 517 615 618 papillarum.
787 593 790 600 ,

123 641 192 710 Μ
215 638 364 736 papillis
394 639 508 710 nimis
532 635 683 735 parvis?
707 639 964 737 intropressis‚
992 658 1058 712 aut

172 756 384 833 latentibus.

123 906 149 948 ε.
176 878 206 944 A
219 875 391 976 phlogosi
407 899 654 948 mammarum
669 875 728 948 vel
741 875 977 976 papillarum.

123 1005 153 1076 ζ.
168 992 222 1066 Ab
235 993 379 1084 ulcere,
398 1009 464 1066 aut
481 993 611 1067 fissura
626 993 863 1094 papillarum.

122 1143 151 1192 η.
168 1116 195 1184 A
209 1116 325 1184 nimia
337 1113 596 1206 sensibilitate,
611 1129 678 1186 aut
686 1113 815 1186 dolore
823 1113 1058 1212 papillarum.

122 1239 158 1302 fit.
169 1238 196 1303 A
209 1231 484 1332 galactoplania.

123 1383 142 1424 ι.
167 1355 198 1423 A
213 1354 439 1452 graviditate.

174 1572 238 1668 Sp.
257 1567 292 1642 3.
319 1569 547 1662 Dysthelaaia
564 1596 610 1648 ex
624 1578 717 1652 vitio
735 1575 852 1646 lactis.

177 1790 398 1865 VAaur:

122 2002 151 2042 α.
169 1967 303 2040 Alacte
320 1971 433 2041 nimis
448 1971 603 2072 pingui,
621 1969 761 2060 oleoso,
784 1993 913 2041 crasso.

123 2092 155 2180 β.
173 2090 204 2158 A
219 2087 311 2160 laete
324 2089 438 2161 nimis
449 2113 608 2187 aquoso,
621 2113 754 2162 seroso.

124 2241 154 2304 y.
173 2212 201 2282 A
215 2205 306 2282 lacte
319 2210 414 2298 acri,
428 2209 542 2300 salso,
557 2233 684 2284 amaro
694 2264 705 2298 ,
716 2223 915 2284 acescente.

123 2332 152 2399 δ.
171 2326 303 2400 Alaote
314 2353 410 2427 pure
423 2345 489 2402 aut
501 2331 683 2429 sanguine
702 2332 828 2402 mixto.

121 2479 150 2518 ε.
169 2453 198 2520 A
213 2447 317 2520 lactis
330 2448 631 2548 degeneratione,
647 2466 712 2523 aut
729 2448 1074 2550 decompositionea

179 2617 210 2664 1.
234 2595 287 2662 Ex
311 2591 429 2662 animi
441 2589 727 2690 pathematibus.

176 2737 211 2784 2.
234 2715 288 2781 Ex
296 2712 491 2798 ooitu‚aut
501 2707 683 2788 desiderio
695 2708 1064 2808 ejusvehementiori.

174 2828 209 2901 3.
234 2835 286 2903 Ex
301 2831 581 2904 medicamentis
607 2832 802 2920 drasticis,
830 2845 895 2902 aut
916 2827 1063 2900 acribus

248 2955 457 3053 assumptis.

177 3184 240 3278 Sp·
268 3182 302 3264 lt·
327 3177 556 3271 Dysthelasia
574 3181 801 3254 Goekertica.

126 3433 159 3473 α.
184 3402 217 3470 A
234 3399 327 3469 vitio
343 3395 558 3470 scrofuloso.

15 3571 22 3618 3
131 3522 204 3612 uA
224 3518 316 3589 vitio
339 3514 566 3614 syphilitico.

125 3671 157 3742 y.
175 3642 207 3710 A
222 3636 463 3735 dispositione
475 3635 522 3706 ad
533 3632 717 3734 phthisin,
729 3647 794 3706 aut
808 3631 1070 3732 haemoptysins

180 3754 411 3826 haereditaria
427 3754 485 3826 vel
504 3755 694 3860 acquisita.
