2900 4942
335 447 378 514 0.
408 445 459 514 11.
496 443 851 516 PHLEGMASI‘AE.
994 471 1061 546 ¹⁰7

128 579 272 650 riorum
299 577 531 678 impediens,
561 579 613 652 ita
640 593 684 653 ut
711 603 804 678 aeger
833 603 903 656 neo
927 603 1064 680 corpus

128 699 268 795 erigere
285 711 352 774 aut
363 710 578 773 artronum
596 711 758 801 uertere,
780 721 849 770 nee
863 695 1002 776 femora
1015 699 1064 772 le-

129 837 214 886 vare
229 829 295 886 aut
311 828 520 892 extrorsum
541 829 683 890 vertere
691 817 825 914 possit,
844 817 919 889 nisi
936 815 1065 890 lentis-

128 931 224 1006 sime
243 947 280 1004 et
293 949 377 1030 post
389 932 516 1032 plures
531 935 637 1030 nisus
658 935 899 1040 successivos·
913 936 1066 1034 Aposto-

129 1063 229 1119 mate
256 1064 370 1148 rupto
391 1075 464 1149 pus
484 1049 685 1131 formatum
707 1051 766 1126 vel
784 1055 824 1124 in
845 1073 978 1126 orrum
1002 1053 1067 1126 ab·

130 1163 295 1262 dominis
317 1165 548 1260 effunditur,
562 1173 664 1244 exitu
680 1171 904 1270 plerumque
917 1171 1065 1261 lethali3

130 1282 188 1356 vel
211 1297 339 1357 tumor
352 1285 538 1364 fluctuans
557 1291 679 1370 oritur
694 1267 742 1361 ad
758 1290 869 1363 latera
885 1290 1067 1368 vertebra·

131 1425 217 1471 rum
233 1400 453 1483 inferiorum
466 1405 583 1497 dorsi,
592 1421 658 1479 aut
669 1409 709 1482 in
718 1410 898 1508 peninon,
909 1409 1067 1508 inguine

129 1519 269 1601 relano
281 1524 338 1616 (*).
354 1522 444 1600 Sede
460 1525 583 1597 morbi
597 1528 638 1600 in
651 1551 738 1599 coxa
752 1526 842 1620 fixa,
857 1544 983 1602 tumor
994 1528 1064 1600 ibi-

130 1637 239 1742 dem,
256 1640 314 1722 vel
332 1643 442 1716 etiam
462 1645 502 1716 in
525 1641 676 1720 femoris
698 1661 802 1752 parte
823 1649 968 1722 interna
986 1645 1064 1720 sor·

130 1774 274 1849 matur,
294 1764 361 1860 qui
381 1763 452 1838 sibi
473 1763 624 1838 relictus
640 1766 789 1844 tandem
812 1781 945 1870 sponte
962 1791 1065 1840 rum·

128 1881 237 1982 pitur
261 1896 299 1954 et
320 1907 392 1981 pus
411 1887 603 1983 copiosum
630 1883 779 1981 fundit,
804 1911 899 1990 aegro
925 1888 1066 1959 interea

130 2003 265 2074 misere
289 2020 549 2096 marcessent03
564 2006 792 2106 quandoque
811 2007 936 2105 portio
960 2007 1067 2105 puris

128 2145 220 2194 oum
251 2123 373 2198 urr‘nis
399 2127 644 2198 excernitur:
671 2151 763 2226 saepe
786 2127 901 2204 simul
927 2129 1066 2200 ossium

126 2239 403 2338 subjaoentium
417 2247 531 2318 caries
542 2249 681 2336 oritur,
697 2271 738 2320 uc
755 2246 894 2345 pedum
921 2260 1068 2334 tumor,
1158 2327 1161 2332 ,

127 2364 200 2460 qui
221 2387 301 2436 non
322 2387 406 2446 raro
426 2365 473 2439 ub
490 2367 628 2466 ignaris
653 2391 723 2468 pro
739 2367 938 2466 podagrioo
958 2361 1067 2438 habe

128 2497 197 2554 tur
212 2483 287 2582 (**).

180 2647 397 2718 Krsrms.

181 2802 429 2878 Inflammatio
454 2804 677 2878 membrana·
701 2804 886 2879 oellularis
912 2801 1067 2903 superfi-

128 2924 229 2995 ciem
251 2924 395 3012 vesica,
420 2921 605 2998 abdomen
627 2927 879 3024 spectantem,
899 2925 1065 3023 tegentis.

127 3042 224 3114 vide
243 3039 338 3113 infra
354 3041 425 3114 sub
441 3049 531 3119 Seot.
549 3047 594 3118 11.

173 3239 221 3324 (⁸)
237 3243 382 3309 'rumores
395 3243 428 3306 hi
441 3245 571 3327 preefioo
583 3247 676 3329 probe
686 3245 886 3328 distinguendi
894 3253 964 3306 sunt
974 3267 992 3308 a
1003 3247 1067 3306 osl-
1124 3317 1127 3326 1

131 3342 204 3404 culo
221 3361 328 3402 renum
340 3344 388 3404 vel
409 3355 584 3420 unctorum,
608 3355 756 3406 otnmore
771 3361 917 3406 venerum
934 3344 1068 3406 bremon

130 3441 316 3504 rhoidelium
328 3489 337 3518 ,
349 3463 367 3503 ι
378 3442 477 3503 fidula
487 3443 557 3519 anr',
570 3463 587 3503 a
598 3453 717 3505 tumore
730 3444 874 3526 glandulas
889 3444 1067 3526 inguinalis,

129 3543 171 3604 ab
183 3541 305 3620 hernia,
321 3551 372 3604 sut
382 3543 563 3604 sluxatione
576 3543 708 3607 semoris.

175 3639 243 3718 (⁴¹⁴³),
262 3641 452 3724 Quandoque
461 3641 511 3703 bie
523 3643 646 3704 morbus
656 3665 723 3705 cunr
737 3641 908 3726 nephritide
917 3641 986 3718 ,vel
997 3661 1069 3702 cunr

129 3740 298 3803 tumorei‘u
309 3741 390 3822 polv‘i
401 3751 480 3818 nato,
490 3751 543 3802 aut
555 3741 663 3820 etism,
686 3745 835 3825 praecipue
849 3743 883 3803 in
892 3739 1066 3825 puerperis,

128 3857 204 3914 eum
222 3841 413 3930 peritonitido
429 3843 633 3926 eomplieutru:
769 3832 774 3846 ⁴
