2926 4942
333 463 411 538 xliv
551 487 552 494 ¹
606 456 991 530 INTRODUCTIO.

387 632 599 740 Similitudo
622 637 747 733 itaque
771 615 977 733 specierum
998 655 1042 702 ex
1067 629 1264 729 principiis
1325 659 1327 669 ¹

338 773 571 846 evidentibus
597 788 633 844 et
654 777 783 863 certis,
807 799 849 846 ac
875 799 919 844 ex
947 769 1265 844 observationibus

339 915 536 1000 accuratis,
555 926 592 984 et
603 937 746 982 summa
763 911 916 982 cautella
933 911 1098 1009 repetitis
1108 908 1265 980 deducta

339 1055 466 1123 Genus
493 1052 696 1124 constituit.
735 1055 787 1122 Ex
814 1049 1059 1122 similitudine
1085 1073 1265 1148 generum

342 1187 498 1288 Ordines
513 1216 523 1278 ;
550 1203 587 1260 et
609 1213 653 1258 ex
669 1189 916 1262 similitudine
937 1189 1115 1263 ordinum
1129 1189 1265 1264 Classes

341 1325 559 1402 morborum
582 1342 796 1426 exsurgunt.

393 1547 437 1615 In
455 1545 657 1618 condendis
675 1546 872 1645 generibus
893 1545 1111 1618 morborum
1129 1545 1266 1618 metho-

343 1681 415 1754 dus
427 1684 703 1781 symptomatica
713 1738 724 1773 ‚
736 1709 801 1756 seu
817 1709 839 1755 a
853 1684 1107 1782 phaenomenis
1121 1682 1267 1756 eviden-

346 1822 467 1914 tibus,
489 1826 529 1894 in
544 1824 696 1897 diversis
712 1823 902 1924 speciebus
917 1838 1126 1898 constanter
1142 1821 1269 1894 obser-

345 1963 459 2052 vatis,
488 1962 682 2064 desumpta
701 1967 842 2063 optbna
866 1965 1061 2038 mihi·esse
1093 1963 1268 2054 videtur,

345 2104 527 2202 quamdiu
547 2131 660 2178 causae
684 2108 836 2178 internae
858 2121 894 2177 et
918 2106 1101 2204 principia
1126 2103 1270 2177 morbo·

346 2269 433 2316 rum
464 2271 541 2318 non
565 2246 737 2318 distinete
762 2247 908 2344 cognita
931 2260 1030 2316 sunt.
1047 2245 1199 2316 Interim
1218 2258 1269 2315 ta·

348 2409 435 2456 men
457 2386 503 2456 ad
523 2387 753 2482 Nosologiam
771 2383 987 2456 rationalem
1018 2383 1268 2484 condendam,

348 2547 461 2622 quam
477 2523 537 2594 hic
548 2524 768 2599 anteoculos
783 2522 909 2613 habui,
924 2523 1065 2622 ubique
1077 2524 1148 2598 sub
1162 2551 1268 2626 gene·

350 2659 455 2730 ribus
471 2674 507 2730 et
526 2659 661 2732 indolis
677 2676 714 2732 et
730 2686 920 2743 causarum
941 2664 1148 2761 primarum
1172 2689 1269 2738 mor·

237 2817 240 2838 ·
350 2797 485 2869 borum
511 2800 792 2896 inquisitionem
818 2825 904 2872 cum
931 2802 984 2872 cl.
1003 2806 1042 2874 A.
1059 2809 1180 2874 Tuaen
1211 2803 1271 2902 (¹⁴)

350 2938 583 3040 utilissimam
603 2956 640 3012 et
661 2943 897 3011 necessariam
920 2965 994 3012 esse
1016 2940 1161 3036 judico,
1182 2965 1269 3013 curn

349 3079 436 3151 alias
450 3093 642 3175 systemata
655 3078 881 3169 artificialia,
904 3106 981 3152 non
996 3055 1194 3172 naturalia,
1211 3104 1271 3153 ex·

349 3234 552 3293 struantur.

410 3441 466 3517 In
487 3435 688 3509 condendis
719 3459 805 3510 vero
840 3437 1030 3536 speciebus
1060 3461 1146 3506 cum
1186 3437 1269 3509 doc-

390 3741 431 3818 (*)
451 3745 488 3803 A.
505 3745 612 3806 Tarm
622 3791 630 3825 ,
654 3745 776 3808 nissen.
788 3745 824 3806 de
844 3746 960 3806 actione
972 3744 1142 3824 systematis
1152 3745 1271 3808 nervosi

350 3843 384 3904 in
394 3841 536 3905 febribus.
