2848 4938
304 451 347 518 o.
382 443 456 518 111.
489 441 786 558 nissum.
831 497 833 504 .
937 446 1011 548 399

75 615 109 662 α.
137 582 193 664 Ab
208 585 325 662 acido.

69 705 106 781 3.
133 717 162 784 Α
179 708 442 806 dysodoutiasi.

74 833 110 916 4.
137 825 385 903 Avermihus.

75 945 108 1022 5.
136 957 164 1022 A
179 948 328 1048 pituita.

129 1133 194 1228 Sp.
216 1129 249 1204 5.
277 1125 500 1226 Gasteralgia
513 1129 715 1225 Ingluviei.

97 1357 98 1362 κ
126 1313 212 1384 Post
236 1307 441 1408 prandium
464 1308 610 1382 lautum
632 1309 741 1382 dolor
750 1308 809 1382 vel
824 1315 1016 1410 oppressio

77 1427 126 1500 ad
139 1427 362 1526 praecordia,
385 1427 612 1526 quandoque
631 1453 718 1499 eum
736 1431 920 1502 anxietate
943 1433 1018 1502 im-

79 1548 206 1637 mani,
221 1570 404 1646 syncope,
416 1545 645 1646 kephalalgia
657 1601 667 1638 ,
681 1563 747 1620 aut
761 1552 1018 1647 symptomati·

76 1666 158 1742 hus
167 1665 378 1765 apoplexiae.
395 1707 443 1726 -
460 1667 614 1740 Morbus
632 1667 862 1767 quandoque
886 1670 1021 1752 acutis·

78 1788 200 1891 simus
216 1801 254 1858 et
270 1788 346 1860 cito
358 1784 516 1858 lethalis.

139 1965 354 2037 VAnrAr:

84 2156 119 2194 α.
144 2119 201 2193 Ab
220 2121 371 2219 ingestis
384 2118 597 2220 ,pinguibus
612 2174 622 2212 ,
636 2111 852 2219 glutinosis,
873 2121 1023 2213 cundia,

139 2241 427 2341 indigestilibus.

85 2365 122 2458 β.
148 2361 382 2464 Aliquorum
399 2359 706 2433 fermentatorum
724 2377 791 2436 aut
810 2365 1026 2464 spirituoso·

147 2507 233 2554 rum
252 2482 514 2579 ingurgatione
528 2481 657 2552 nimia.

121 2619 126 2639 .
145 2665 209 2761 sp.
238 2689 271 2760 7.
289 2661 511 2760 Gasteralgia
530 2665 736 2756 Venerato,
827 2632 829 2638 ¹

92 2876 126 2917 α.
166 2841 222 2913 Ab
265 2840 464 2914 esculentis
493 2857 560 2912 aut
594 2840 821 2950 potulentis,
859 2840 900 2912 in
938 2843 1032 2914 vasis
1093 2845 1095 2854 ’

148 2963 296 3060 cupreis
311 2959 368 3034 vel
383 2959 570 3060 plumbeis
594 2963 730 3060 paratis
746 2976 812 3032 aut
827 2964 1028 3036 asservatis.

96 3109 132 3196 β.
159 3116 189 3174 Α
210 3099 337 3198 fungis
365 3101 581 3191 venenatis,
596 3101 722 3173 aliisve
744 3101 899 3174 venenis
922 3101 1038 3172 variis-

153 3220 316 3320 ingestis.

157 3403 220 3497 Sp.
234 3397 269 3469 6.
297 3395 751 3495 GasteralgiaEretlzistica
764 3389 1038 3492 (spasmodical

155 3587 272 3667 Dolor
285 3590 485 3664 ventriculi
507 3605 659 3679 acutus,
687 3587 747 3661 vel
770 3585 929 3660 sensatio
954 3609 1062 3677 eon«¹

106 3713 313 3790 strictionis
339 3727 404 3782 aut
421 3709 663 3782 vellicationis
689 3709 730 3780 in
762 3706 958 3807 epigastrio
984 3702 1046 3775 vel

108 3837 224 3910 etiam
242 3835 282 3908 in
304 3831 437 3924 doram
460 3832 686 3933 quandoque
715 3830 859 3914 dolores
875 3849 1050 3930 pungen·
