2926 4942
404 451 782 530 INTRODUCTIO.
988 459 1063 536 xlir

130 659 282 730 sionum
306 652 494 748 cognitio,
528 673 596 748 per
630 651 755 749 ipsum
776 665 955 748 systema,
980 668 1067 756 pfo-

41 841 44 848 -
132 794 439 895 phylacticorum
456 806 725 890 praeceptorum
744 807 863 864 mater
877 795 936 868 sit.

188 959 236 1024 2⁰.
253 951 470 1024 Diversitos
480 947 747 1044 subjectorum,
763 949 970 1024 secundum
986 970 1071 1028 ata-

136 1087 234 1157 tem,
248 1093 376 1141 sexum
390 1121 400 1156 ,
415 1081 771 1164 temperamentum,
784 1073 949 1168 corporis
965 1073 1068 1148 habi-

136 1206 242 1276 tum,
259 1189 342 1260 vitae
359 1210 497 1284 genus,
514 1187 836 1261 consuetudinem.

188 1353 239 1426 5⁰.
268 1351 493 1450 Magnitudo
520 1349 669 1440 morbi,
702 1373 768 1422 eeu
801 1351 938 1450 gredau
955 1301 1069 1428 ¹veba-

40 1495 44 1502 ·
138 1470 297 1542 mentia.

187 1633 236 1716 4⁰.
264 1612 457 1702 Discursus
486 1643 521 1702 et
547 1643 708 1704 eventus.

192 1782 242 1856 5⁰.
269 1789 383 1894 Ratio
412 1789 535 1860 diaetoe
565 1799 601 1858 et
633 1790 888 1864 medicationis
916 1789 1070 1889 phoeno-

140 1949 251 1998 mena
278 1922 522 2020 morborum,
549 1948 589 1995 ac
603 1922 801 1999 decursum
832 1941 869 2000 et
896 1947 1071 2008 eventum

138 2086 272 2135 eorum
286 2083 378 2162 saepe
402 2063 494 2134 mire
512 2076 644 2139 mutat.

195 2205 281 2292 Haeo
301 2222 427 2292 omnia
444 2217 616 2292 efficiunt
630 2223 672 2296 V
667 2228 841 2298 orietotee
854 2225 1072 2300 morborum

140 2386 208 2434 seu
227 2349 520 2446 modificationes
540 2362 874 2462 specierumque
893 2387 981 2437 oum
1000 2363 1075 2439 dit-

138 2499 309 2573 ferentiis
322 2525 451 2582 earum
471 2497 672 2598 specificis,
695 2503 837 2600 quippe
857 2527 939 2602 quae
956 2529 1073 2580 essen-

139 2642 232 2712 tiam
252 2641 306 2711 rei
324 2654 504 2738 tangunt,
520 2640 677 2710 minime
693 2641 958 2716 confundenda
971 2663 1080 2728 sunt.

192 2802 278 2872 Huc
302 2796 488 2898 praecipue
498 2797 718 2896 pertinent:

191 2959 328 3030 Facias
345 2959 527 3046 diversos,
546 2980 668 3028 unum
690 2955 748 3028 vel
780 2957 889 3056 plura
914 2979 1076 3062 sympto-

144 3111 243 3168 mata
268 3093 417 3184 morbi,
449 3098 658 3194 presertim¹
676 3119 719 3168 ex
737 3101 847 3194 genio
871 3101 1077 3200 epidemioo

147 3247 345 3305 mutantes.
388 3231 529 3322 Quodsi
565 3232 620 3303 hae
650 3234 758 3304 facies
787 3236 837 3304 ita
864 3253 1079 3334 comparata

148 3388 236 3444 eunt
250 3387 318 3462 ,ut
328 3385 574 3470 symptomata
585 3373 685 3464 alius
697 3370 818 3443 morbi
830 3377 1082 3488 constituant,

148 3513 290 3588 Loroae
311 3524 421 3601 sunt3
443 3509 606 3607 indeque
621 3509 705 3605 jure
718 3512 844 3612 Morbi
860 3515 1001 3592 torona
1018 3544 1079 3593 vo·

79 3687 83 3695 ·
148 3664 295 3724 cantur.

196 3809 256 3882 Ad
273 3809 463 3882 varietates
475 3823 599 3882 autem
618 3825 695 3882 non
711 3811 901 3910 pertinent
920 3805 1052 3888 Studio
1064 3792 1082 3906 ,¹

906 3955 934 4030 d
