2926 4942
349 438 399 532 xij
670 437 954 512 PRAEFATIO.

281 619 287 634 ι
352 579 487 650 usitata
501 579 661 667 retinui3
688 578 857 652 addendo
873 577 995 651 solum
1011 573 1058 648 ad
1079 574 1194 650 finem
1214 603 1278 650 cu=

351 695 467 792 jusvis
490 698 637 795 (paucis
653 696 835 795 exceptis)
849 720 975 770 vocem
990 699 1072 782 itis,
1097 694 1278 792 adaequa·

353 813 493 886 litatem
507 815 760 888 obtinendam.
773 819 914 888 Cusum
923 812 1142 884 Catarrhum
1155 828 1191 885 et
1206 817 1281 904 Dy-¹

352 935 548 1007 senteriam
566 933 611 1006 ad
630 922 833 1032 profluvia,
858 945 895 1006 et
916 931 1094 1031 aphtham
1111 956 1153 1002 ac
1169 933 1277 1027 erysi·

277 1080 279 1084 ’
352 1050 452 1148 pelas
468 1053 514 1123 ad
528 1052 790 1127 Exanthemata
802 1051 934 1124 refert:
951 1055 1026 1124 Hos
1041 1051 1191 1123 morbos
1206 1075 1279 1122 rc(-

356 1171 430 1256 tius
437 1171 483 1242 ad
493 1170 733 1269 Phiegmasia‘s
742 1175 927 1271 pertinere
939 1169 1279 1244 credo—Inflam-

350 1292 536 1364 matioues
554 1293 717 1389 partium
735 1307 990 1380 ertemarum,
1009 1316 1212 1389 earumque
1228 1315 1280 1363 se·

354 1411 503 1508 quelas,
529 1412 752 1511 plerumque
772 1416 852 1484 sine
865 1411 965 1484 febre
981 1426 1217 1501 occurentes,
1233 1409 1281 1482 ad

354 1530 503 1604 classem
521 1521 738 1606 morborum
756 1531 929 1637 localium
953 1531 1120 1630 relegavi.

403 1714 494 1781 Oro.
504 1713 566 1781 111.
576 1716 874 1804 Exantlremata,
888 1739 970 1811 quae
980 1712 1051 1784 sub
1063 1710 1282 1784 nominibus

355 1828 467 1928 vulgo
487 1830 667 1929 adoptatis
684 1835 725 1904 in
746 1835 977 1932 contagiosa,
1010 1849 1046 1905 et
1067 1858 1145 1905 non
1158 1848 1281 1905 conta·

356 1949 456 2052 giosa
469 1949 587 2028 divisi.

347 2153 352 2168 ’
409 2169 549 2245 Crassis
573 2169 615 2238 II.
642 2164 932 2267 Comprehendit
954 2170 1201 2257 Drsuccmsm,
1218 2189 1282 2238 seu

357 2284 581 2360 excretiones
595 2286 759 2390 corporis
776 2283 985 2374 morbosus,
1007 2283 1077 2356 sub
1094 2283 1214 2356 tribus
1227 2309 1284 2356 or-

358 2399 511 2472 dinibus
526 2400 779 2473 consideratas.
809 2469 812 2476 .

406 2585 498 2654 Oro.
525 2584 552 2654 1.
578 2583 680 2655 Sistit
700 2585 1014 2678 Apokenoseaseu
1031 2583 1179 2656 Fluxus.
1200 2589 1283 2656 Huc

358 2724 435 2772 nou
458 2701 579 2774 solum
596 2699 712 2773 resero
730 2701 1036 2799 Haemorrhagias,
1067 2727 1088 2774 a
1120 2708 1283 2776 Commo

357 2818 428 2890 sub
453 2821 612 2916 pyrexiis
635 2822 788 2918 positas,
813 2820 876 2892 sed
899 2823 1008 2893 etiam
1031 2825 1284 2896 evacuationes

356 2941 477 3026 muci,
500 2938 606 3028 bilis,
625 2941 762 3027 urinae,
781 2939 984 3012 aliorumve
1002 2940 1204 3014 humorum
1221 2941 1282 3013 ab·

357 3082 527 3143 normes,
556 3082 664 3154 quas,
681 3058 730 3130 ob
748 3058 944 3132 utilitatem
963 3061 1002 3131 in
1019 3063 1122 3157 praxi
1139 3062 1285 3133 eviden-

357 3192 458 3266 tem,
495 3177 535 3248 in
559 3181 701 3251 activas
726 3191 762 3248 et
782 3182 956 3274 passivos
983 3178 1101 3248 divisi.
1139 3181 1283 3248 Haemo-

355 3295 540 3393 rrhagiam
551 3310 592 3368 ut
603 3299 854 3395 genus-posui,
870 3322 989 3394 quum
1002 3294 1283 3392 haemorrhagias

356 3415 541 3486 variarum
556 3418 720 3513 corporis
739 3419 901 3513 partium
920 3417 1045 3515 potius
1066 3429 1108 3485 ut
1127 3414 1281 3486 totidem

358 3533 496 3629 species
529 3535 810 3606 considerandas
847 3559 922 3608 esse
946 3557 1083 3607 censeo.
1111 3534 1212 3606 Idem
1236 3536 1283 3608 de

280 3709 286 3740 ,
357 3651 654 3751 Blcnnorrhagiis
667 3654 790 3727 aliisve
807 3655 968 3728 fluxibus
985 3657 1110 3728 activis
1124 3680 1228 3754 aeque
1239 3680 1280 3727 ac

357 3774 508 3884 passivis
521 3772 626 3856 valet.
640 3779 782 3852 Nomen
796 3778 1032 3853 Gonorrlroeoe
1038 3831 1053 3869 ,
1068 3790 1197 3880 utpote
1210 3775 1282 3848 ilu-
