2926 4942
467 417 839 538 rrrnonucrm.
1076 467 1127 568 xtj

201 639 338 712 borum
369 635 557 728 indolem,
588 634 817 712 differentias
838 651 876 712 et
899 662 1022 714 cauma
1041 643 1127 720 faci·

201 780 278 852 lius
292 793 329 851 et
343 779 503 850 exactius
518 776 762 874 cognoscendi
774 805 785 867 ;
798 778 985 878 quidquid
1000 799 1127 858 contra

201 945 224 990 a
264 917 487 1016 quibusdam
524 917 712 1014 empiricis
744 931 811 989 aut
834 917 1129 994 Pseudomedicis

201 1054 421 1128 blatemtum
446 1053 570 1126 fuerit.
598 1057 741 1128 Nomen
758 1057 858 1126 enim
874 1055 1007 1128 Medici
1029 1071 1128 1128 certe

201 1219 281 1265 non
300 1207 462 1266 meretur
476 1191 538 1264 ille
548 1248 560 1282 ‚
583 1194 650 1290 qui
671 1217 882 1288 causarum,
901 1207 1127 1292 symptoma-

201 1346 285 1402 tum
301 1346 337 1402 et
350 1329 643 1404 differentiarum
663 1331 879 1404 morborum
898 1333 1049 1430 ignarus
1061 1348 1127 1406 aut

201 1472 522 1570 incurius,praxin
538 1469 716 1543 medicam
729 1485 773 1542 ut
784 1469 979 1569 opificium
990 1475 1127 1570 potius,

201 1631 316 1706 quam
334 1622 378 1678 ut
398 1622 514 1680 artem
537 1621 603 1680 aut
618 1607 832 1697 scientiam,
852 1621 1015 1700 exercet,
1041 1611 1127 1706 quis

200 1751 303 1819 enim
327 1772 405 1820 non
426 1751 503 1820 risu
521 1764 557 1822 et
573 1763 788 1846 contemptu
803 1751 985 1848 exciperet
1002 1751 1127 1824 homi·-

200 1911 288 1958 nem
308 1940 319 1977 ,
346 1887 414 1986 qui
439 1901 555 1958 artem
584 1891 833 1962 Gemmoriam
857 1911 1028 1962 exercens
1058 1911 1127 1960 nec

200 2027 341 2125 lapides
366 2029 544 2124 pretiosos
572 2051 594 2098 a
620 2051 658 2100 se
689 2029 846 2100 invicem
875 2027 1126 2126 distinguere,

199 2193 270 2240 nec
303 2163 541 2238 adamantum
569 2171 686 2238 varias
712 2171 848 2266 species
874 2169 922 2240 ad
948 2173 1125 2242 amussim

200 2329 419 2404 cognoscere
430 2303 588 2378 valeret?
606 2303 703 2376 idem
720 2307 877 2376 omnino
892 2321 929 2378 et
946 2307 1050 2406 pejus
1064 2306 1125 2380 ad·

198 2446 276 2518 huc
300 2450 393 2517 soret
412 2443 457 2516 de
475 2442 634 2534 medico,
656 2445 724 2542 qni
744 2441 882 2516 diversa
907 2445 1124 2522 morborum

197 2611 334 2686 genera
347 2603 384 2659 et
396 2587 532 2684 speeies
546 2587 643 2657 inter
661 2607 699 2656 se
712 2583 944 2658 confundens
963 2587 1002 2659 in
1018 2587 1124 2686 praxi

200 2747 325 2792 unum
358 2747 426 2819 pro
458 2719 573 2793 altero
596 2737 784 2812 sumeret,
822 2723 939 2822 iisque
967 2721 1124 2796 medica·

195 2875 347 2951 menta,
384 2858 488 2931 nulla
510 2859 634 2932 habita
654 2858 872 2933 morborum
894 2857 1123 2954 differentia,

198 2999 313 3073 modo
341 2998 585 3072 tumultuario
605 2997 816 3098 applicaret.

247 3244 303 3310 De
332 3236 430 3310 hisce
459 3239 727 3337 practicis.jam
762 3264 830 3312 suo
859 3213 1027 3338 tempore
1052 3243 1122 3315 Ga·

201 3401 306 3450 nunus
334 3377 475 3474 egregie
506 3378 655 3448 monuit
681 3375 818 3464 «Quod
845 3375 1007 3448 accidere
1029 3376 1122 3450 solet

201 3542 220 3580 u
243 3511 472 3584 Athletarum
488 3512 691 3612 plerisque,
704 3515 773 3611 qui
791 3515 951 3612 cupiunt
967 3515 1119 3614 quidem

199 3681 219 3718 n
242 3653 283 3720 in
307 3649 488 3748 Olympiis
509 3653 662 3727 victores
687 3651 857 3742 evadere,
882 3667 1051 3729 caeterum
1077 3666 1123 3724 ut

112 3832 118 3846 ·
196 3820 215 3862 u
240 3790 279 3862 id
307 3805 569 3888 assequantur,
599 3790 696 3866 nihil
726 3807 894 3868 exercent
922 3807 1121 3888 curantve,
