2900 4942
361 453 411 527 φ
608 431 681 502 cn.
708 431 738 499 1.
773 431 1028 501 rrnnxie.

362 599 389 642 ε.
407 567 527 642 Abile
555 569 661 667 nigra
683 569 759 639 aeri
787 581 851 640 aut
877 591 898 639 a
917 569 1097 666 sanguine
1115 586 1294 680 corrupto

410 689 520 786 nigro
536 689 576 758 in
595 685 851 759 uentriculumv
863 684 992 759 effuso.

420 811 496 891 §.A
519 809 708 880 miasmate
726 808 802 877 acri
823 829 1051 904 quoeunque
1074 830 1161 877 cum
1185 803 1297 880 saliva

368 925 573 1023 deglutit0‚
592 941 635 998 ut
647 927 832 1024 praecipue
848 927 888 996 in
901 923 1297 1044 quibusdamdebribus

366 1041 614 1144 ohservarnus.

415 1207 481 1294 Sp.
496 1229 528 1276 a.
547 1201 713 1273 Gastritis
734 1189 935 1275 Venenum.

415 1361 481 1450 Sp.
496 1358 532 1431 3.
548 1360 978 1436 GartritisMetaatetioa.

415 1515 607 1596 'VAnrAr
620 1543 692 1614 pro
706 1500 999 1589 cauea'remota:
1127 1549 1131 1560 ·

248 1703 251 1710 ι
302 1701 305 1712 .
374 1685 404 1731 r.
418 1652 802 1729 Aberanthematihus
814 1707 825 1742 ,
837 1668 903 1742 aut
924 1653 1063 1728 morbis
1077 1655 1173 1728 cutis
1190 1654 1296 1728 chro-

422 1775 517 1846 nicis
539 1771 864 1846 retrocedentibus.

370 1923 405 1968 a.
424 1894 480 1968 Ab
504 1893 697 1966 arthritide
711 1893 938 1964 rheumatica
954 1893 1012 1966 vel
1033 1875 1227 1994 podagrica
1241 1917 1295 1968 re·

419 2011 640 2084 troeedente.
1225 2031 1230 2042 ‘

371 2129 407 2202 3.
424 2131 481 2204 Ab
494 2128 707 2230 erysipelate
724 2130 983 2204 retrocedente.

370 2254 405 2338 4.
422 2254 448 2324 Α
468 2251 629 2350 podagra
642 2249 844 2324 aberrante.

418 2408 484 2495 up.
505 2406 539 2488 ίι.
558 2406 726 2476 Gastritis
744 2407 783 2480 V
782 2411 973 2480 ominosa.
1077 2445 1080 2454 <

420 2559 654 2633 Avermibus
670 2561 710 2632 in
734 2557 943 2635 ventriculo
966 2558 1234 2638 nidulantibus.
1251 2638 1254 2650 ,

418 2746 484 2832 Sp.
506 2741 541 2814 5.
562 2743 730 2813 Gastritis
751 2745 999 2816 Traumatica.

349 2951 355 2956 -
419 2900 629 2990 Avulnere,
642 2903 718 2973 ictu
727 2916 792 2973 aut
805 2903 1023 2973 contusione
1038 2900 1198 2974 violenta
1210 2925 1297 2974 ven·

372 3021 497 3094 triculi
512 3036 602 3093 orta.

371 3220 416 3288 G.
442 3219 583 3288 XXVI.
683 3217 964 3289 ENTERITIS.
1030 3154 1033 3176 Ι

420 3341 483 3407 Gr.
511 3320 653 3434 Εντερῖτις
672 3333 720 3407 ab
737 3345 849 3434 ἔντερον
858 3390 869 3421 ,
888 3337 1130 3408 intestinum:
1145 3331 1297 3406 Inflam-

374 3457 488 3527 matio
509 3459 781 3529 intestinorum.

429 3636 614 3747 Pyrexia
625 3637 825 3752 primaria
844 3636 916 3720 vel
933 3633 1179 3723 secundaria
1195 3665 1296 3720 cum

374 3766 504 3885 pulsu
524 3765 763 3881 frequente,
780 3767 1037 3884 quandoque
1055 3768 1151 3856 forti
1161 3833 1175 3878 ,
1196 3797 1298 3881 sup·
