2926 4942
470 445 848 518 rnrnonucrro.
1045 437 1125 546 xro}

197 623 1011 720 dictum‚constituenriosfundiruuignorant.
1024 623 1126 714 Quid

197 767 339 836 mirum
364 762 538 852 demum,
559 765 590 835 si
615 765 685 834 viri
708 765 746 833 in
762 763 844 834 aliis
861 763 1022 834 scientiis
1040 767 1126 836 arti·

153 928 157 936 ’
197 905 344 1002 busque
362 904 534 1002 ingenuis
550 907 678 976 vernari
695 905 871 1002 practices
893 903 997 986 taire,
1025 927 1128 998 pom·

197 1065 288 1146 poso
316 1041 427 1114 titulo
454 1043 621 1114 Doctoris
638 1039 827 1112 medicine
849 1057 1020 1116 ornatos,
1048 1064 1126 1112 uon

197 1181 319 1254 solum
341 1185 572 1281 contemptui
586 1181 764 1266 habeant,
792 1181 853 1253 seri
878 1183 970 1252 urob·
987 1181 1032 1250 de
1048 1195 1125 1254 arte

197 1321 338 1393 medica
360 1321 436 1422 ipsa
458 1323 646 1418 judicent,
663 1347 820 1421 eamque
838 1323 929 1396 arico
954 1326 1123 1413 inanem,

197 1475 242 1532 ut
255 1459 446 1532 cerebrum
466 1461 603 1534 horum
618 1463 830 1554 ductorum,
847 1489 921 1536 esse
936 1463 1098 1535 credaut.

247 1685 426 1753 Coeterum
452 1678 556 1754 facile
582 1686 781 1774 conveni0‚
804 1683 905 1782 quod
931 1687 998 1754 viri
1016 1707 1125 1780 supe·

195 1821 306 1892 rioris
335 1821 476 1918 ingenii
506 1823 546 1892 in
578 1821 778 1913 Medicina,
806 1837 846 1894 ut
876 1825 914 1892 in
947 1822 1122 1910 Mathesi,

195 1960 370 2058 Physica,
389 1963 538 2034 Chemia
550 2015 560 2052 ‚
573 1961 697 2032 aliisve
707 1965 870 2036 scientiis
885 1962 1040 2036 utilibus
1051 1960 1123 2032 rari

196 2104 295 2192 oint;
316 2103 379 2174 sed
398 2102 468 2174 hoc
487 2127 563 2173 non
582 2103 748 2176 obstante
766 2103 876 2174 firmo
894 2106 1020 2174 animo
1033 2125 1122 2172 asse·

195 2265 309 2332 vero,
326 2256 439 2312 artem
464 2241 641 2312 medicam
659 2245 961 2340 aquinquaginra
978 2257 1012 2312 ct
1027 2240 1123 2312 ultra

198 2375 335 2448 abhinc
351 2380 460 2448 annis
476 2381 673 2450 immensos
688 2405 814 2452 versus
826 2381 1041 2451 exactiorem
1060 2399 1123 2448 na·

195 2531 288 2588 tunc
306 2517 523 2590 morborum
543 2519 792 2616 cognitionem
807 2574 817 2604 ‚
835 2545 937 2618 reque
954 2543 996 2590 ac
1015 2541 1122 2588 cura-

196 2655 338 2726 tionem
364 2679 492 2725 eorum
525 2679 736 2752 progressus
760 2655 906 2746 iecisse,
932 2677 1013 2753 quae
1034 2676 1123 2724 sano

197 2795 324 2864 omnia
337 2817 358 2864 a
370 2793 475 2866 Plebe
488 2795 716 2868 medicorum
728 2799 878 2896 penitus
890 2799 1120 2894 ignorantur·

248 3019 328 3084 Jam
346 3015 471 3112 paucis
487 3042 529 3088 ea
543 3019 819 3116 perstringenda
839 3033 949 3108 sunt,
976 3043 1057 3116 quae
1075 3013 1122 3087 ad

199 3147 419 3223 divisionem
443 3153 658 3226 morborum
676 3159 825 3254 proprie
839 3169 1016 3254 spectant.

249 3372 294 3440 In
310 3383 439 3442 natura
456 3373 608 3442 nonnisi
630 3397 731 3444 casus
748 3373 965 3446 morborum
990 3371 1122 3446 indivi-

205 3509 269 3582 dui
282 3528 475 3584 occurunt.
493 3515 546 3583 Ex
558 3511 808 3588 observatione
819 3513 952 3586 horum
968 3515 1123 3614 Species,

204 3661 240 3716 et
265 3672 308 3718 ex
325 3649 513 3746 speciebus
531 3651 720 3752 pluribus,
737 3654 831 3728 bene
855 3670 892 3726 et
911 3651 1124 3750 frequenter

204 3788 401 3871 observatis
417 3848 427 3885 ‚
443 3798 583 3871 Genera
599 3796 816 3874 morborum
832 3796 1010 3874 eruimus·

381 3987 392 4015 s
