2870 4938
333 457 377 522 O.
409 449 439 520 1.
469 447 823 520 APOKENOSES.
972 471 1038 520 an

161 618 222 712 Sp.
241 637 271 684 1.
287 613 492 690 Otorrhoea.
511 613 732 710 Sanguinem

163 768 303 841 Fluxus
317 769 508 866 sanguinis
525 792 570 839 ex
594 789 683 837 aure
702 791 778 838 una
796 765 854 838 vel
877 782 1045 868 utraque.

172 928 381 996 Vanus.-

116 1123 147 1162 α.
171 1092 203 1162 Δ
221 1090 423 1162 menstruis
439 1086 498 1162 vel
520 1086 855 1160 haemomhoidibus
877 1113 1046 1190 suppres-

167 1234 225 1281 sis.

116 1333 148 1420 β.
174 1327 394 1417 Avulnere,
419 1329 514 1444 ictu,
540 1327 598 1401 vel
612 1331 833 1403 oontusione
850 1329 1021 1404 violenta.

166 1491 227 1586 Sp.
247 1512 279 1558 2.
305 1485 500 1560 otorrhoea
519 1488 690 1562 Mucosa.

167 1646 305 1720 Fluxus
321 1649 481 1720 materia
492 1645 687 1736 decoloris,
698 1661 765 1722 aut
780 1671 938 1724 mucosa
948 1652 1051 1750 puri·

118 1767 249 1844 formis
265 1794 309 1841 ex
327 1793 427 1842 aure.

172 1936 378 2006 Vanus:

119 2126 150 2164 α.
178 2093 210 2163 Δ
226 2087 416 2188 refrigerio
429 2087 580 2184 capitis,
596 2099 662 2156 aut
674 2084 978 2164 catarrheumate.

62 2245 64 2250 ·
119 2212 153 2300 β.
172 2211 201 2278 A
216 2205 340 2304 lapsu,
353 2206 574 2280 contusione
591 2205 722 2302 capitis
734 2203 792 2276 vel
807 2207 919 2276 auris.
989 2241 994 2246 ·

119 2361 150 2425 y.
179 2325 235 2398 Ab
254 2332 396 2416 ulcere,
418 2323 725 2422 blennorrhagia‚
743 2323 962 2416 achoribus,
982 2341 1052 2403 etc.

276 2445 466 2542 supressis.

171 2583 264 2656 Vide
280 2586 431 2680 otalgia
441 2583 677 2656 mutmtoetisa
684 2635 699 2669 ,
717 2581 962 2674 rheumatica,
983 2597 1052 2660 ete.

174 2745 236 2840 Sp.
257 2738 735 2816 3.-0t0rrhoeaPmloma.
792 2741 795 2748 ’

174 2903 259 2975 Post
289 2899 621 2973 inflammationem
644 2913 682 2971 et
704 2916 949 2999 symptomata
974 2927 1054 2976 eam

123 3021 351 3110 comitantia,
364 3021 405 3090 in
416 3041 505 3091 aure
519 3033 584 3090 aut
595 3017 764 3116 partibus
774 3021 907 3092 vicinis
916 3033 1056 3120 aposte-

122 3163 208 3228 ma;
222 3137 310 3212 dein
321 3139 479 3213 materiae
489 3135 698 3236 purulentae
707 3152 773 3208 aut
786 3135 970 3226 ichorosae,
982 3139 1057 3208 ino

122 3259 225 3332 dorae
241 3257 299 3331 vel
321 3255 476 3347 foetidae,
491 3281 535 3328 ex
556 3279 645 3328 aure
667 3254 811 3344 fluxus,
831 3255 1057 3354 quandoque

122 3375 233 3452 valde
254 3377 425 3476 copiosus
453 3394 540 3447 cum
567 3367 929 3467 levaminedoloris,
965 3397 1058 3475 saepe

44 3488 45 3496 '
121 3522 215 3572 cum
228 3486 392 3596 dysecoea
407 3511 474 3582 aut
488 3495 657 3594 paracusi
677 3487 846 3589 ¹junctus.

181 3653 393 3732 Vnus:

123 3843 159 3886 α.
175 3813 227 3886 Ex
245 3811 445 3884 menstruis
457 3810 671 3916 suppressis
700 3873 704 3880 .
