2926 4942
368 456 406 528 iv
684 449 981 520 PRAEFATIO.

368 589 428 664 vel
445 584 752 686 vilipenduntur;
777 585 940 683 indeque
963 597 1018 655 tot
1042 606 1158 681 vagae,
1184 606 1227 654 ao
1242 581 1301 654 tua

371 709 477 796 tiles,
513 722 579 779 aut
605 729 765 778 erroneae
793 706 889 776 circa
916 718 1087 775 naturam
1113 716 1150 773 et
1172 723 1311 775 causas·

370 825 613 910 morborum,
637 847 740 920 aeque
751 845 793 893 ac
805 823 901 894 circa
913 821 1093 894 actionem
1109 873 1119 909 ‚
1136 833 1173 891 et
1185 822 1302 910 virtu·

371 964 425 1021 tes
459 943 813 1017 medicamentorum
842 941 1101 1039 explicationes
1125 955 1163 1012 ct
1193 964 1301 1012 com-

371 1063 640 1156 mentationes,
664 1085 746 1158 quae
764 1057 912 1132 sortasse
926 1059 1078 1157 quidem
1093 1058 1213 1157 plebis
1224 1073 1301 1134 stu·

371 1185 467 1288 pidae
483 1198 519 1284 et
533 1184 666 1280 ignarae
679 1179 962 1252 admirationem
977 1178 1203 1276 quandoque
1217 1202 1304 1251 con·

372 1306 523 1392 sitiant,
552 1299 615 1373 sed
640 1297 782 1370 medico
809 1296 1033 1396 philosopho
1063 1299 1102 1368 in
1121 1294 1303 1369 consulta·

376 1421 542 1496 tionibus
557 1420 715 1491 omnino
731 1441 905 1490 nauseam
918 1432 1081 1491 movent.

423 1547 502 1614 Jam
518 1561 619 1610 anno
639 1563 733 1636 1772
749 1537 882 1610 studiis
897 1538 1086 1610 medicinae
1100 1536 1307 1610 theoreticae

376 1676 413 1734 et
424 1658 663 1733 scientiarum
679 1657 714 1726 ei
726 1654 1012 1727 auxiliatricium
1025 1653 1223 1743 absolutis,
1235 1652 1313 1752 sub,

377 1775 575 1852 itineribus
594 1776 687 1846 meis
708 1777 749 1846 in
774 1775 927 1847 diversis
946 1778 1104 1872 Europae
1121 1773 1308 1872 partibus,

377 1924 459 1997 quae
485 1920 597 1994 scopo
614 1910 751 1967 memet
769 1894 839 1966 sub
864 1896 1039 1994 auspiciis
1059 1893 1308 1984 medicorum,

377 2016 474 2089 fama
497 2040 538 2086 ac
560 2014 692 2085 litteris
711 2011 913 2085 celebrium
932 2055 949 2099 ,f
979 2014 1019 2084 iu
1046 2011 1309 2110 cognoscendis

376 2125 608 2206 et‘curandis
627 2128 768 2202 morbis
791 2130 970 2226 aptiorem
993 2128 1171 2202 reddendi
1193 2153 1311 2202 susce·

376 2275 528 2352 peram,
550 2249 858 2321 animadversaria
876 2247 1015 2320 medica
1039 2273 1108 2347 pro
1131 2273 1202 2320 usu
1225 2273 1309 2321 meo

378 2370 608 2446 conscribere
637 2372 761 2466 coepi,
798 2367 912 2464 idque
936 2393 1004 2465 per
1034 2368 1160 2466 plures
1192 2392 1311 2441 annos

378 2490 507 2564 sedulo
523 2488 749 2560 continuans
765 2486 914 2557 tandem
934 2539 944 2574 ,
973 2502 1169 2585 postquam
1195 2486 1310 2559 editio

380 2621 510 2706 quarta
542 2606 712 2702 synopsis
744 2604 943 2702 Nosologiae
975 2605 1191 2678 methodica
1221 2609 1313 2677 Cun-

382 2751 462 2800 nnur
479 2724 569 2822 1785
584 2723 741 2822 prodiit,
756 2726 926 2796 animum
940 2728 1038 2823 cepi,
1056 2728 1134 2824 ipse
1149 2733 1313 2817 systema

381 2844 640 2944 Nosologicum
664 2867 805 2915 novum
829 2843 1112 2932 conscribendi,
1136 2845 1239 2943 quod
1266 2844 1313 2917 ab

381 2959 455 3034 hoc
471 2975 636 3059 tempore
649 2960 806 3032 ulterius
822 2957 1049 3034 elaboratum
1063 2963 1140 3058 jam
1165 2963 1229 3036 bic
1241 2965 1315 3038 Me·

383 3080 475 3153 dicis
490 3077 616 3151 offero.

435 3203 478 3269 ln
499 3195 720 3270 elaborando
740 3196 812 3271 hoc
836 3221 947 3297 opere
966 3199 1125 3270 intentio
1146 3196 1237 3283 luit,
1262 3221 1316 3268 er·

386 3343 486 3390 rores
507 3342 660 3409 eorum,
680 3319 746 3415 qui
763 3317 810 3389 de
826 3317 893 3390 hac
910 3343 949 3392 re
971 3335 1056 3392 ante
1080 3341 1140 3388 me
1165 3317 1318 3413 scripse-

387 3451 500 3531 runt,
514 3436 668 3510 sollicite
684 3439 910 3534 corrigendi,
922 3437 1084 3512 desectus
1099 3435 1317 3534 supplendi,

321 3543 323 3550 ¹
390 3583 433 3632 ac
450 3560 599 3629 inventa
614 3583 708 3631 nova
722 3560 869 3649 omnia,
890 3557 1033 3629 medico
1047 3557 1208 3656 practico
1220 3557 1317 3628 scitu

391 3702 475 3752 vere
488 3676 593 3749 utilia
603 3703 613 3768 ;
625 3677 769 3775 aliaque
785 3676 911 3777 plura,
923 3674 1166 3774 profundiore
1177 3691 1317 3749 naturae

393 3795 517 3872 studio
536 3811 575 3870 et
590 3795 908 3873 observationibus
923 3796 1142 3872 certioribus
1157 3851 1167 3889 ,
1188 3796 1319 3872 saeculo
