2900 4942
345 376 393 464 ss
599 375 678 444 cn·
700 373 728 442 1.
752 371 1015 460 arnume,

344 515 471 611 doque
493 536 537 583 ex
564 510 691 583 eadem
711 532 818 581 eausa
843 507 990 580 subitus
1013 521 1051 578 et
1073 508 1280 581 immensus

343 649 472 705 tumor
488 644 708 729 generatur,
725 631 793 700 etsi
811 628 923 728 parva
941 630 1064 726 portio
1081 627 1203 700 solum
1223 629 1279 700 in·

342 751 530 823 flammata
553 749 610 819 sit.
637 752 681 818 In
701 742 801 817 hisce
821 743 1182 818 inflammationibus
1196 769 1280 835 vasa

344 873 492 943 min'ora
511 882 589 940 non·
612 850 735 941 solunt
761 869 944 964 sanguine
965 866 1081 938 rubro
1108 879 1282 963 turgent,

344 1005 390 1062 ut
409 993 449 1060 in
463 989 701 1084 conjunctiva
715 987 815 1058 oculi
827 975 1017 1059 evidenter
1027 985 1281 1076 observamus,
1328 1080 1333 1091 Ι

344 1108 533 1184 sedetiam
548 1107 697 1203 sanguis
714 1103 971 1181 accumulatus
993 1107 1153 1180 subinde
1176 1109 1217 1179 in
1232 1122 1284 1180 te·

329 1211 424 1306 ‘barnw
439 1225 652 1300 nebulosam
666 1233 924 1300 extravasatur.

395 1346 563 1444 Atlonge
576 1343 678 1416 abest
694 1359 739 1416 ut
759 1343 1071 1418 inflammationes
1089 1371 1219 1418 omnes
1239 1371 1285 1421 ex

347 1465 425 1539 sola
433 1487 541 1537 musa
558 1481 645 1536 mox
658 1464 756 1536 diota
771 1467 951 1540 oriantur.
969 1467 1286 1540 Inflammationes

347 1585 499 1672 dantur,
516 1585 557 1654 in
567 1582 707 1681 quibus
718 1583 912 1656 circulatio
923 1584 1127 1656 humorum
1139 1611 1216 1658 non
1228 1609 1284 1658 so·

347 1703 430 1776 lum
442 1702 632 1776 evidenter
643 1702 779 1776 lentior
788 1719 842 1774 est
853 1759 864 1792 ,
876 1704 941 1776 sed
957 1705 1206 1778 accumulatio
1219 1731 1287 1778 eo·

348 1848 436 1894 rum
451 1824 491 1894 in
505 1838 608 1920 parte
621 1820 767 1913 affecta,
785 1847 830 1894 ex
847 1839 996 1922 torpore
1015 1849 1203 1913 vasorum,
1220 1841 1287 1897 aut

348 1943 604 2016 obstructione
613 1941 905 2015 eorundemvera
913 1946 1095 2034 oritur3ut
1101 1946 1286 2042 praecipue

351 2066 392 2133 in
403 2063 762 2135 inflammationibus
773 2087 817 2134 ex
829 2065 1066 2154 contusione,
1078 2067 1287 2138 concussio·

350 2181 673 2272 ne‚·distorsione,
687 2179 876 2252 lunatione
889 2197 956 2258 etc.
968 2182 1225 2274 observamus,
1245 2185 1285 2254 in

352 2303 495 2400 quibus
503 2301 750 2375 accumulatio
760 2317 797 2372 et
812 2327 916 2373 mora
928 2302 1132 2377 humorum
1144 2302 1287 2374 invasis

353 2421 554 2494 debilitatis
581 2420 639 2492 vel
657 2423 697 2490 in
716 2419 932 2491 membrana
949 2419 1115 2492 cellulari
1138 2421 1289 2494 evidens

351 2556 420 2614 ests
437 2544 481 2612 ln
499 2540 581 2611 aliis
593 2539 739 2612 casibus
750 2537 995 2611 inflammatio
1014 2565 1167 2639 quoque
1181 2567 1290 2639 gene·

353 2674 458 2732 ratur
478 2683 522 2730 ex
548 2657 773 2730 humoribus
788 2659 936 2746 crassis,
959 2682 1024 2730 scu
1048 2659 1289 2757 spissitudine

353 2779 570 2874 sanguinis,
584 2793 628 2848 ut
643 2779 683 2852 in
694 2775 919 2866 furunculo,
938 2780 979 2848 in
994 2777 1290 2878 inflammatione

353 2904 603 2970 mammarum
621 2922 667 2968 ex
680 2896 772 2968 lacte
788 2896 1002 2995 coagulato,
1028 2912 1064 2968 et
1079 2899 1120 2968 in
1134 2897 1289 2995 quibus·

354 3017 442 3089 dam
473 3016 833 3090 inflammationibus
865 3018 1013 3092 criticis.
1051 3015 1289 3116 Quandoque

352 3139 466 3210 etiam
503 3135 749 3208 inflammatio
773 3138 938 3208 nascitur
958 3161 1003 3209 ex
1023 3138 1289 3208 constrictione

354 3271 423 3328 aut·
442 3281 488 3329 ex
514 3257 783 3355 impedimento
816 3257 1067 3329 circulationis
1095 3258 1291 3354 sanguinis

336 3412 338 3420 v
355 3374 573 3446 mechanico
586 3378 626 3446 in
640 3391 743 3473 parte
757 3403 768 3464 3
787 3391 830 3448 ut
847 3378 887 3446 in
903 3375 1035 3446 hernia
1049 3376 1291 3463 incarcerata,

355 3497 398 3566 in
424 3498 697 3593 paraphimosi‚
727 3513 763 3568 et
788 3497 1016 3594 quandoque
1040 3496 1082 3566 in
1110 3493 1288 3592 prolapsu

357 3616 477 3716 uteri,
495 3618 603 3706 recti,
614 3631 682 3688 etc.

402 3737 581 3816 ductores
613 3736 792 3812 hactenus
821 3737 1132 3810 inflammationes
1154 3757 1288 3814 omnes
