<?xml version="1.0" encoding="UTF-8"?>
<!DOCTYPE html PUBLIC "-//W3C//DTD XHTML 1.0 Transitional//EN"
    "http://www.w3.org/TR/xhtml1/DTD/xhtml1-transitional.dtd">
<html xmlns="http://www.w3.org/1999/xhtml" xml:lang="en" lang="en">
 <head>
  <title>
</title>
<meta http-equiv="Content-Type" content="text/html;charset=utf-8" />
  <meta name='ocr-system' content='tesseract 3.04.00' />
  <meta name='ocr-capabilities' content='ocr_page ocr_carea ocr_par ocr_line ocrx_word'/>
</head>
<body>
  <div class='ocr_page' id='page_1' title='image "./novumnosologiae00swedgoog_0293.png"; bbox 0 0 2870 4938; ppageno 0'>
   <div class='ocr_carea' id='block_1_1' title="bbox 381 388 1194 541">
    <p class='ocr_par' dir='ltr' id='par_1_1' title="bbox 381 388 1194 541">
     <span class='ocr_line' id='line_1_1' title="bbox 381 388 1194 541; baseline -0.023 -11"><span class='ocrx_word' id='word_1_1' title='bbox 381 453 454 530; x_wconf 55' lang='grc' dir='ltr'><strong>ηδ</strong></span> <span class='ocrx_word' id='word_1_2' title='bbox 569 443 1111 541; x_wconf 69' lang='lat' dir='ltr'><strong>cL.11.ansccs1sES‚</strong></span> <span class='ocrx_word' id='word_1_3' title='bbox 1191 388 1194 408; x_wconf 55' lang='lat'><em>⁶</em></span> 
     </span>
    </p>
   </div>
   <div class='ocr_carea' id='block_1_2' title="bbox 377 589 728 932">
    <p class='ocr_par' dir='ltr' id='par_1_2' title="bbox 377 589 728 932">
     <span class='ocr_line' id='line_1_2' title="bbox 377 589 652 691; baseline -0.022 -28"><span class='ocrx_word' id='word_1_4' title='bbox 377 602 411 691; x_wconf 83' lang='grc' dir='ltr'><strong>β,</strong></span> <span class='ocrx_word' id='word_1_5' title='bbox 430 633 479 654; x_wconf 79' lang='lat'>-</span> <span class='ocrx_word' id='word_1_6' title='bbox 496 589 652 660; x_wconf 84' lang='lat' dir='ltr'><strong>trachea.</strong></span> 
     </span>
     <span class='ocr_line' id='line_1_3' title="bbox 378 709 700 819; baseline -0.025 -29"><span class='ocrx_word' id='word_1_7' title='bbox 378 755 407 819; x_wconf 77' lang='lat' dir='ltr'><strong>y.</strong></span> <span class='ocrx_word' id='word_1_8' title='bbox 433 757 482 777; x_wconf 89' lang='lat'><em>-</em></span> <span class='ocrx_word' id='word_1_9' title='bbox 498 709 700 784; x_wconf 90' lang='lat' dir='ltr'><strong>bronchiis.</strong></span> 
     </span>
     <span class='ocr_line' id='line_1_4' title="bbox 379 818 728 932; baseline -0.049 -18"><span class='ocrx_word' id='word_1_10' title='bbox 379 844 408 915; x_wconf 75' lang='grc' dir='ltr'><strong>δ.</strong></span> <span class='ocrx_word' id='word_1_11' title='bbox 434 875 484 892; x_wconf 87' lang='lat'><strong>-·-</strong></span> <span class='ocrx_word' id='word_1_12' title='bbox 499 831 690 932; x_wconf 88' lang='lat' dir='ltr'><strong>pulmone.</strong></span> <span class='ocrx_word' id='word_1_13' title='bbox 711 818 728 848; x_wconf 78' lang='grc'><strong>“</strong></span> 
     </span>
    </p>
   </div>
   <div class='ocr_carea' id='block_1_3' title="bbox 432 977 1026 1104">
    <p class='ocr_par' dir='ltr' id='par_1_3' title="bbox 432 977 1026 1104">
     <span class='ocr_line' id='line_1_5' title="bbox 432 977 1026 1104; baseline -0.027 -11"><span class='ocrx_word' id='word_1_14' title='bbox 432 1016 474 1092; x_wconf 91' lang='lat' dir='ltr'><em>V</em></span> <span class='ocrx_word' id='word_1_15' title='bbox 471 1033 630 1090; x_wconf 74' lang='lat' dir='ltr'><strong>Ami·</strong></span> <span class='ocrx_word' id='word_1_16' title='bbox 639 1033 712 1104; x_wconf 84' lang='lat' dir='ltr'><strong>pro</strong></span> <span class='ocrx_word' id='word_1_17' title='bbox 728 1029 844 1078; x_wconf 77' lang='lat' dir='ltr'><strong>causa</strong></span> <span class='ocrx_word' id='word_1_18' title='bbox 861 977 1026 1079; x_wconf 66' lang='lat' dir='ltr'><strong>reinota:</strong></span> 
     </span>
    </p>
   </div>
   <div class='ocr_carea' id='block_1_4' title="bbox 255 1175 924 1527">
    <p class='ocr_par' dir='ltr' id='par_1_4' title="bbox 255 1153 924 1527">
     <span class='ocr_line' id='line_1_6' title="bbox 255 1175 828 1286; baseline -0.044 -14"><span class='ocrx_word' id='word_1_19' title='bbox 255 1221 256 1224; x_wconf 72' lang='grc'>’</span> <span class='ocrx_word' id='word_1_20' title='bbox 309 1226 313 1232; x_wconf 71' lang='grc'><strong>’</strong></span> <span class='ocrx_word' id='word_1_21' title='bbox 379 1227 409 1266; x_wconf 82' lang='grc' dir='ltr'><strong>α.</strong></span> <span class='ocrx_word' id='word_1_22' title='bbox 437 1204 466 1263; x_wconf 85' lang='grc' dir='ltr'><strong>Α</strong></span> <span class='ocrx_word' id='word_1_23' title='bbox 481 1182 670 1286; x_wconf 85' lang='lat' dir='ltr'><strong>deglutitis</strong></span> <span class='ocrx_word' id='word_1_24' title='bbox 682 1175 828 1250; x_wconf 83' lang='lat' dir='ltr'><strong>foetidis.</strong></span> 
     </span>
     <span class='ocr_line' id='line_1_7' title="bbox 380 1297 891 1404; baseline -0.037 -20"><span class='ocrx_word' id='word_1_25' title='bbox 380 1316 414 1404; x_wconf 83' lang='grc' dir='ltr'><strong>β.</strong></span> <span class='ocrx_word' id='word_1_26' title='bbox 439 1308 493 1382; x_wconf 84' lang='lat' dir='ltr'><strong>Ab</strong></span> <span class='ocrx_word' id='word_1_27' title='bbox 513 1305 636 1377; x_wconf 81' lang='lat' dir='ltr'><strong>ulcere</strong></span> <span class='ocrx_word' id='word_1_28' title='bbox 654 1297 891 1398; x_wconf 86' lang='lat' dir='ltr'><strong>pulmonum.</strong></span> 
     </span>
     <span class='ocr_line' id='line_1_8' title="bbox 380 1415 924 1527; baseline -0.031 -23"><span class='ocrx_word' id='word_1_29' title='bbox 380 1463 411 1527; x_wconf 79' lang='grc' dir='ltr'><strong>γ.</strong></span> <span class='ocrx_word' id='word_1_30' title='bbox 437 1427 491 1504; x_wconf 84' lang='lat' dir='ltr'><strong>Ab</strong></span> <span class='ocrx_word' id='word_1_31' title='bbox 514 1425 619 1496; x_wconf 79' lang='lat' dir='ltr'><strong>diaeta</strong></span> <span class='ocrx_word' id='word_1_32' title='bbox 641 1443 735 1518; x_wconf 88' lang='lat' dir='ltr'><strong>pure</strong></span> <span class='ocrx_word' id='word_1_33' title='bbox 760 1415 924 1508; x_wconf 82' lang='lat' dir='ltr'><strong>animali.</strong></span> 
     </span>
    </p>
   </div>
   <div class='ocr_carea' id='block_1_5' title="bbox 434 1579 1054 1838">
    <p class='ocr_par' dir='ltr' id='par_1_5' title="bbox 434 1579 1054 1838">
     <span class='ocr_line' id='line_1_9' title="bbox 434 1579 929 1686; baseline -0.038 -23"><span class='ocrx_word' id='word_1_34' title='bbox 434 1586 497 1686; x_wconf 74' lang='lat' dir='ltr'><strong>Sp.</strong></span> <span class='ocrx_word' id='word_1_35' title='bbox 524 1584 557 1658; x_wconf 78' lang='lat'><strong>3.</strong></span> <span class='ocrx_word' id='word_1_36' title='bbox 581 1579 740 1673; x_wconf 86' lang='lat' dir='ltr'><strong>Dysodia</strong></span> <span class='ocrx_word' id='word_1_37' title='bbox 760 1579 929 1653; x_wconf 79' lang='lat' dir='ltr'><strong>Nasalis.</strong></span> 
     </span>
     <span class='ocr_line' id='line_1_10' title="bbox 438 1733 1054 1838; baseline -0.028 -15"><span class='ocrx_word' id='word_1_38' title='bbox 438 1748 479 1822; x_wconf 93' lang='lat' dir='ltr'><em>V</em></span> <span class='ocrx_word' id='word_1_39' title='bbox 475 1733 628 1822; x_wconf 73' lang='lat' dir='ltr'><strong>Amr</strong></span> <span class='ocrx_word' id='word_1_40' title='bbox 645 1767 717 1838; x_wconf 84' lang='lat' dir='ltr'><strong>pro</strong></span> <span class='ocrx_word' id='word_1_41' title='bbox 747 1761 864 1812; x_wconf 82' lang='lat' dir='ltr'><strong><em>causa</em></strong></span> <span class='ocrx_word' id='word_1_42' title='bbox 888 1750 1054 1814; x_wconf 81' lang='lat' dir='ltr'><em>remota:</em></span> 
     </span>
    </p>
   </div>
   <div class='ocr_carea' id='block_1_6' title="bbox 384 1895 1310 2461">
    <p class='ocr_par' dir='ltr' id='par_1_6' title="bbox 384 1895 1060 1982">
     <span class='ocr_line' id='line_1_11' title="bbox 384 1895 1060 1982; baseline -0.021 -2"><span class='ocrx_word' id='word_1_43' title='bbox 384 1942 413 1980; x_wconf 77' lang='lat' dir='ltr'><strong>a.</strong></span> <span class='ocrx_word' id='word_1_44' title='bbox 441 1905 495 1982; x_wconf 85' lang='lat' dir='ltr'><strong>Ab</strong></span> <span class='ocrx_word' id='word_1_45' title='bbox 512 1925 632 1977; x_wconf 83' lang='lat' dir='ltr'>ozaena</span> <span class='ocrx_word' id='word_1_46' title='bbox 656 1913 732 1970; x_wconf 82' lang='lat' dir='ltr'><strong>aut·</strong></span> <span class='ocrx_word' id='word_1_47' title='bbox 748 1895 871 1970; x_wconf 79' lang='lat' dir='ltr'><strong>ulcere</strong></span> <span class='ocrx_word' id='word_1_48' title='bbox 899 1899 1060 1968; x_wconf 88' lang='lat' dir='ltr'><strong>narium.</strong></span> 
     </span>
    </p>

    <p class='ocr_par' dir='ltr' id='par_1_7' title="bbox 384 2017 813 2123">
     <span class='ocr_line' id='line_1_12' title="bbox 384 2017 813 2123; baseline -0.037 -21"><span class='ocrx_word' id='word_1_49' title='bbox 384 2035 418 2122; x_wconf 84' lang='grc' dir='ltr'><strong>β.</strong></span> <span class='ocrx_word' id='word_1_50' title='bbox 444 2031 474 2099; x_wconf 91' lang='lat' dir='ltr'>A</span> <span class='ocrx_word' id='word_1_51' title='bbox 490 2023 629 2123; x_wconf 86' lang='lat' dir='ltr'><strong>polypo</strong></span> <span class='ocrx_word' id='word_1_52' title='bbox 654 2017 813 2091; x_wconf 87' lang='lat' dir='ltr'><strong>narium.</strong></span> 
     </span>
    </p>

    <p class='ocr_par' dir='ltr' id='par_1_8' title="bbox 384 2131 1310 2339">
     <span class='ocr_line' id='line_1_13' title="bbox 384 2131 1310 2248; baseline -0.018 -28"><span class='ocrx_word' id='word_1_53' title='bbox 384 2181 413 2248; x_wconf 74' lang='lat' dir='ltr'><strong>y.</strong></span> <span class='ocrx_word' id='word_1_54' title='bbox 441 2142 602 2230; x_wconf 74' lang='lat' dir='ltr'><strong>Amris,</strong></span> <span class='ocrx_word' id='word_1_55' title='bbox 629 2135 745 2209; x_wconf 83' lang='lat' dir='ltr'><strong>aliove</strong></span> <span class='ocrx_word' id='word_1_56' title='bbox 764 2134 857 2210; x_wconf 79' lang='lat' dir='ltr'><strong>vitio</strong></span> <span class='ocrx_word' id='word_1_57' title='bbox 882 2134 982 2206; x_wconf 81' lang='lat' dir='ltr'><strong>antri</strong></span> <span class='ocrx_word' id='word_1_58' title='bbox 1000 2131 1222 2220; x_wconf 80' lang='lat' dir='ltr'><strong>maxillaris,</strong></span> <span class='ocrx_word' id='word_1_59' title='bbox 1254 2131 1310 2207; x_wconf 86' lang='lat' dir='ltr'><strong>vel</strong></span> 
     </span>
     <span class='ocr_line' id='line_1_14' title="bbox 437 2281 687 2339; baseline -0.052 0"><span class='ocrx_word' id='word_1_60' title='bbox 437 2285 576 2339; x_wconf 83' lang='lat' dir='ltr'><strong>ossium</strong></span> <span class='ocrx_word' id='word_1_61' title='bbox 597 2281 687 2329; x_wconf 87' lang='lat' dir='ltr'><strong>nas1.</strong></span> 
     </span>
    </p>

    <p class='ocr_par' dir='ltr' id='par_1_9' title="bbox 386 2377 805 2461">
     <span class='ocr_line' id='line_1_15' title="bbox 386 2377 805 2461; baseline -0.041 -1"><span class='ocrx_word' id='word_1_62' title='bbox 386 2391 414 2461; x_wconf 80' lang='grc' dir='ltr'><strong>δ.</strong></span> <span class='ocrx_word' id='word_1_63' title='bbox 439 2388 471 2457; x_wconf 96' lang='lat' dir='ltr'>A</span> <span class='ocrx_word' id='word_1_64' title='bbox 490 2379 626 2456; x_wconf 88' lang='lat' dir='ltr'><strong>stenosi</strong></span> <span class='ocrx_word' id='word_1_65' title='bbox 645 2377 805 2454; x_wconf 79' lang='lat' dir='ltr'><strong>narium,</strong></span> 
     </span>
    </p>
   </div>
   <div class='ocr_carea' id='block_1_7' title="bbox 439 2555 956 2658">
    <p class='ocr_par' dir='ltr' id='par_1_10' title="bbox 439 2555 956 2658">
     <span class='ocr_line' id='line_1_16' title="bbox 439 2555 956 2658; baseline -0.041 -15"><span class='ocrx_word' id='word_1_66' title='bbox 439 2571 501 2658; x_wconf 82' lang='lat' dir='ltr'><strong>Sp.</strong></span> <span class='ocrx_word' id='word_1_67' title='bbox 532 2566 566 2647; x_wconf 77' lang='grc'><strong>4.</strong></span> <span class='ocrx_word' id='word_1_68' title='bbox 590 2555 748 2649; x_wconf 84' lang='lat' dir='ltr'><strong>Dysodia</strong></span> <span class='ocrx_word' id='word_1_69' title='bbox 772 2557 956 2628; x_wconf 84' lang='lat' dir='ltr'><strong>Gastrica.</strong></span> 
     </span>
    </p>
   </div>
   <div class='ocr_carea' id='block_1_8' title="bbox 377 2727 1322 3544">
    <p class='ocr_par' dir='ltr' id='par_1_11' title="bbox 390 2727 1316 2830">
     <span class='ocr_line' id='line_1_17' title="bbox 390 2727 1316 2830; baseline -0.017 -14"><span class='ocrx_word' id='word_1_70' title='bbox 390 2777 419 2817; x_wconf 82' lang='grc' dir='ltr'><strong>α.</strong></span> <span class='ocrx_word' id='word_1_71' title='bbox 445 2745 476 2812; x_wconf 88' lang='lat' dir='ltr'>A</span> <span class='ocrx_word' id='word_1_72' title='bbox 491 2736 642 2810; x_wconf 85' lang='lat' dir='ltr'><strong>saburra</strong></span> <span class='ocrx_word' id='word_1_73' title='bbox 658 2732 828 2830; x_wconf 81' lang='lat' dir='ltr'><strong>putrida,</strong></span> <span class='ocrx_word' id='word_1_74' title='bbox 844 2729 993 2817; x_wconf 87' lang='lat' dir='ltr'><strong>biliosa,</strong></span> <span class='ocrx_word' id='word_1_75' title='bbox 1020 2742 1086 2800; x_wconf 90' lang='lat' dir='ltr'>etc.</span> <span class='ocrx_word' id='word_1_76' title='bbox 1104 2727 1316 2802; x_wconf 81' lang='lat' dir='ltr'><strong>ventriculi.</strong></span> 
     </span>
    </p>

    <p class='ocr_par' dir='ltr' id='par_1_12' title="bbox 389 2854 692 2957">
     <span class='ocr_line' id='line_1_18' title="bbox 389 2854 692 2957; baseline -0.033 -24"><span class='ocrx_word' id='word_1_77' title='bbox 389 2868 423 2957; x_wconf 86' lang='grc' dir='ltr'><strong>β.</strong></span> <span class='ocrx_word' id='word_1_78' title='bbox 441 2867 470 2932; x_wconf 83' lang='grc' dir='ltr'><strong>Α</strong></span> <span class='ocrx_word' id='word_1_79' title='bbox 487 2854 692 2954; x_wconf 84' lang='lat' dir='ltr'><strong>dyspepsia.</strong></span> 
     </span>
    </p>

    <p class='ocr_par' dir='ltr' id='par_1_13' title="bbox 378 2974 787 3080">
     <span class='ocr_line' id='line_1_19' title="bbox 378 2974 787 3080; baseline -0.029 -28"><span class='ocrx_word' id='word_1_80' title='bbox 378 3015 421 3080; x_wconf 69' lang='lat' dir='ltr'><strong>vy.</strong></span> <span class='ocrx_word' id='word_1_81' title='bbox 448 2981 479 3050; x_wconf 94' lang='lat' dir='ltr'>A</span> <span class='ocrx_word' id='word_1_82' title='bbox 493 2974 638 3073; x_wconf 86' lang='lat' dir='ltr'><strong>jejunio</strong></span> <span class='ocrx_word' id='word_1_83' title='bbox 652 2993 787 3043; x_wconf 84' lang='lat' dir='ltr'><strong>severo.</strong></span> 
     </span>
    </p>

    <p class='ocr_par' dir='ltr' id='par_1_14' title="bbox 377 3077 1262 3176">
     <span class='ocr_line' id='line_1_20' title="bbox 377 3077 1262 3176; baseline -0.025 1"><span class='ocrx_word' id='word_1_84' title='bbox 377 3077 420 3176; x_wconf 67' lang='lat' dir='ltr'><strong>&#39;A</strong></span> <span class='ocrx_word' id='word_1_85' title='bbox 445 3103 476 3173; x_wconf 92' lang='lat' dir='ltr'><strong>A.</strong></span> <span class='ocrx_word' id='word_1_86' title='bbox 492 3091 680 3169; x_wconf 87' lang='lat' dir='ltr'><strong>vermibus</strong></span> <span class='ocrx_word' id='word_1_87' title='bbox 696 3084 893 3160; x_wconf 83' lang='lat' dir='ltr'><strong>ventriculi</strong></span> <span class='ocrx_word' id='word_1_88' title='bbox 911 3082 968 3156; x_wconf 84' lang='lat' dir='ltr'><strong>vel</strong></span> <span class='ocrx_word' id='word_1_89' title='bbox 983 3087 1262 3158; x_wconf 87' lang='lat' dir='ltr'><strong>intestinorum.</strong></span> 
     </span>
    </p>

    <p class='ocr_par' dir='ltr' id='par_1_15' title="bbox 391 3201 1322 3410">
     <span class='ocr_line' id='line_1_21' title="bbox 391 3201 1322 3304; baseline -0.014 -13"><span class='ocrx_word' id='word_1_90' title='bbox 391 3251 418 3292; x_wconf 79' lang='grc' dir='ltr'><strong>ε.</strong></span> <span class='ocrx_word' id='word_1_91' title='bbox 445 3211 760 3300; x_wconf 83' lang='lat' dir='ltr'><strong>Acarkinomate‚</strong></span> <span class='ocrx_word' id='word_1_92' title='bbox 785 3201 959 3302; x_wconf 82' lang='lat' dir='ltr'><strong>sphakelo</strong></span> <span class='ocrx_word' id='word_1_93' title='bbox 986 3219 1050 3276; x_wconf 86' lang='lat' dir='ltr'><strong>aut</strong></span> <span class='ocrx_word' id='word_1_94' title='bbox 1077 3206 1322 3304; x_wconf 62' lang='lat' dir='ltr'><strong>corruptione</strong></span> 
     </span>
     <span class='ocr_line' id='line_1_22' title="bbox 438 3314 1285 3410; baseline -0.014 0"><span class='ocrx_word' id='word_1_95' title='bbox 438 3336 705 3410; x_wconf 69' lang='lat' dir='ltr'><strong>&#39;intestinorum</strong></span> <span class='ocrx_word' id='word_1_96' title='bbox 718 3326 777 3400; x_wconf 81' lang='lat' dir='ltr'><strong>vel</strong></span> <span class='ocrx_word' id='word_1_97' title='bbox 789 3328 971 3397; x_wconf 83' lang='lat' dir='ltr'><strong>viscerum</strong></span> <span class='ocrx_word' id='word_1_98' title='bbox 988 3314 1285 3401; x_wconf 78' lang='lat' dir='ltr'><strong>abdomiualum.</strong></span> 
     </span>
    </p>

    <p class='ocr_par' dir='ltr' id='par_1_16' title="bbox 393 3442 931 3544">
     <span class='ocr_line' id='line_1_23' title="bbox 393 3442 931 3544; baseline -0.022 -14"><span class='ocrx_word' id='word_1_99' title='bbox 393 3471 422 3544; x_wconf 85' lang='grc' dir='ltr'><strong>ζ.</strong></span> <span class='ocrx_word' id='word_1_100' title='bbox 447 3461 478 3528; x_wconf 88' lang='lat' dir='ltr'>A</span> <span class='ocrx_word' id='word_1_101' title='bbox 499 3452 648 3526; x_wconf 87' lang='lat' dir='ltr'><strong>flatibus</strong></span> <span class='ocrx_word' id='word_1_102' title='bbox 668 3461 734 3520; x_wconf 85' lang='lat' dir='ltr'><strong>aut</strong></span> <span class='ocrx_word' id='word_1_103' title='bbox 753 3442 931 3518; x_wconf 86' lang='lat' dir='ltr'><strong>ructibus.</strong></span> 
     </span>
    </p>
   </div>
   <div class='ocr_carea' id='block_1_9' title="bbox 443 3583 1069 3724">
    <p class='ocr_par' dir='ltr' id='par_1_17' title="bbox 443 3583 1069 3724">
     <span class='ocr_line' id='line_1_24' title="bbox 443 3583 1069 3724; baseline -0.026 -16"><span class='ocrx_word' id='word_1_104' title='bbox 443 3639 505 3724; x_wconf 81' lang='lat' dir='ltr'><strong>Sp.</strong></span> <span class='ocrx_word' id='word_1_105' title='bbox 533 3583 567 3704; x_wconf 93' lang='grc'><strong>5.</strong></span> <span class='ocrx_word' id='word_1_106' title='bbox 587 3620 750 3724; x_wconf 60' lang='grc' dir='ltr'><strong>Βγεοάἰέ</strong></span> <span class='ocrx_word' id='word_1_107' title='bbox 769 3627 979 3699; x_wconf 81' lang='lat' dir='ltr'><strong><em>Stomatica.</em></strong></span> <span class='ocrx_word' id='word_1_108' title='bbox 1066 3681 1069 3692; x_wconf 91' lang='lat'><em>.</em></span> 
     </span>
    </p>
   </div>
   <div class='ocr_carea' id='block_1_10' title="bbox 441 3777 1104 3884">
    <p class='ocr_par' dir='ltr' id='par_1_18' title="bbox 441 3777 1104 3884">
     <span class='ocr_line' id='line_1_25' title="bbox 441 3777 1104 3884; baseline -0.017 -19"><span class='ocrx_word' id='word_1_109' title='bbox 441 3793 475 3865; x_wconf 87' lang='lat' dir='ltr'>A</span> <span class='ocrx_word' id='word_1_110' title='bbox 493 3777 555 3862; x_wconf 61' lang='lat' dir='ltr'><strong>Gr}</strong></span> <span class='ocrx_word' id='word_1_111' title='bbox 567 3793 683 3884; x_wconf 74' lang='grc' dir='ltr'>Στόμα,</span> <span class='ocrx_word' id='word_1_112' title='bbox 707 3806 774 3857; x_wconf 88' lang='lat' dir='ltr'><strong>os:</strong></span> <span class='ocrx_word' id='word_1_113' title='bbox 793 3783 916 3853; x_wconf 87' lang='lat' dir='ltr'>Foetor</span> <span class='ocrx_word' id='word_1_114' title='bbox 932 3805 976 3852; x_wconf 81' lang='lat' dir='ltr'><strong>ex</strong></span> <span class='ocrx_word' id='word_1_115' title='bbox 990 3803 1064 3850; x_wconf 80' lang='lat' dir='ltr'>ore.</span> <span class='ocrx_word' id='word_1_116' title='bbox 1100 3849 1104 3854; x_wconf 89' lang='lat'>.</span> 
     </span>
    </p>
   </div>
   <div class='ocr_carea' id='block_1_11' title="bbox 0 0 1464 4932">
    <p class='ocr_par' dir='ltr' id='par_1_19' title="bbox 0 0 1464 4932">
     <span class='ocr_line' id='line_1_26' title="bbox 0 0 1464 4932; baseline 0 0"><span class='ocrx_word' id='word_1_117' title='bbox 0 0 1464 4932; x_wconf 95' lang='lat' dir='ltr'><strong> </strong></span> 
     </span>
    </p>
   </div>
  </div>
 </body>
</html>
