2870 4938
411 443 454 514 Ο.
479 447 507 514 Ι.
532 441 758 513 ECLISES.
996 441 1068 522 ⁵85

127 587 288 673 arteriis,
304 581 492 680 glandulis
506 597 572 654 aut
588 583 682 654 vasis
699 579 950 678 capillaribus,
964 586 1070 660 aliud
1099 657 1101 662 .

127 707 401 805 phenomenon
428 717 560 774 notatu
584 700 745 798 dignum
765 701 1011 778 observamus.
1029 709 1068 777 Sl

113 827 230 920 ¹hisce
260 827 428 924 organis,
454 836 666 895 constanter
696 837 732 892 et
755 825 835 894 sine
854 828 1071 898 remissione
1110 829 1117 842 '

130 947 344 1046 agentibus,
372 944 548 1018 stimulus
573 942 682 1016 solito
702 945 829 1027 minor
842 945 1070 1042 applicatur,

129 1065 302 1138 fluidum,
321 1089 501 1138 nervuum
521 1066 562 1136 in
585 1065 630 1134 iis
653 1063 883 1134 accumulari
901 1064 1072 1156 videtur;

128 1183 220 1256 hinc
234 1199 361 1290 postea
379 1186 491 1256 etiam
509 1208 530 1253 a
545 1185 685 1254 minori
706 1182 861 1254 stimulo
884 1184 1071 1281 applicato

84 1345 87 1353 .
128 1305 229 1377 idem
249 1301 401 1375 effectus
412 1303 658 1400 producitur,
675 1327 717 1374 ac
732 1327 752 1372 a
768 1302 923 1376 stimulo
934 1306 1069 1400 majori

130 1427 193 1496 cui
219 1437 325 1494 antea
350 1413 491 1494 assueta
510 1419 669 1494 fuerant.
695 1423 734 1492 Si
754 1422 930 1494 stimulus
946 1427 1071 1497 omnis

61 1521 64 1528 ⁵
129 1543 288 1631 tollitur,
299 1545 424 1641 primo
435 1540 636 1640 dyspboria
648 1539 842 1638 generalis
852 1540 939 1614 dein
952 1543 1071 1640 dolor,

128 1677 166 1738 et
185 1657 334 1736 tandem
358 1688 475 1768 mors,¹
495 1689 539 1734 ex
565 1664 773 1734 mutatione
798 1658 961 1734 chemica
987 1658 1071 1737 llui·

130 1787 268 1860 dorum
281 1779 339 1858 vel
351 1784 555 1856 solidorum
570 1784 742 1879 sequitur
753 1809 762 1869 ;
775 1781 837 1853 sed
849 1785 880 1854 si
889 1785 1070 1876 stimulas,

130 1920 216 2006 post
231 1927 447 2003 suspensam
464 1927 532 2000 per
548 1916 692 1972 certum
707 1915 855 1998 tempus
871 1906 1000 2000 organi
1014 1929 1070 1976 ac·

131 2029 294 2115 tionem,
311 2026 451 2096 minori
465 2024 673 2121 quantitate
690 2021 817 2092 denuo
837 2038 942 2095 caute
953 2025 1072 2122 appli·
1095 2099 1097 2104 ,

132 2161 263 2235 cetur,
282 2145 377 2216 actio
398 2142 577 2214 normalis
591 2141 699 2215 redit.

181 2265 235 2336 Eri
251 2265 458 2362 quantitate
475 2247 585 2337 iluidi
604 2263 731 2333 nervei
749 2262 789 2332 in
802 2282 955 2360 corpore
967 2265 1068 2360 justo

133 2387 280 2456 minore
297 2399 363 2456 aut
376 2381 582 2474 deficiente,
597 2384 845 2455 continuante
861 2386 1070 2482 quantitate

132 2504 280 2578 stimuli
300 2503 425 2593 solita,
444 2505 717 2577 contractiones
731 2504 851 2577 cordis
872 2521 909 2578 et
923 2509 1071 2578 arteria-

131 2651 220 2697 rum
241 2622 527 2722 frequentiores,
544 2625 608 2696 sed
626 2623 824 2698 debiliores
842 2624 965 2715 fiunt;
984 2627 1072 2700 inde
1191 2644 1194 2653 “

117 2745 266 2844 ,pulsus
277 2743 409 2816 debilis
424 2759 461 2816 et
474 2769 567 2842 saepe
582 2743 629 2814 ad
647 2748 714 2830 140
726 2743 955 2841 pulsationes
973 2748 1073 2817 intra

136 2863 329 2936 minutum
354 2878 486 2934 auctus
503 2862 719 2934 observatur
735 2864 775 2932 in
790 2863 1069 2960 Asthenopyris.

132 2984 298 3056 -Idem
312 2981 465 3054 effectus
479 2983 647 3054 obtinere
656 2981 825 3071 videtur,
839 2985 870 3054 si
882 2987 1072 3080 quantitas

134 3106 280 3180 stimuli
306 3105 415 3179 solito
438 3105 564 3175 minor
587 3101 819 3201 applicatur,
849 3101 1072 3174 subsistente

134 3231 276 3299 interea
298 3226 506 3322 quantitate
524 3223 634 3293 fluidi
656 3223 782 3292 nervei
804 3212 1004 3309 consueta3
1034 3239 1072 3294 ct
1175 3248 1177 3258 ¹

135 3349 190 3417 sic
208 3347 366 3416 sensatio
381 3342 630 3430 lassitudinis,
653 3355 719 3412 aut
740 3339 909 3412 debilitas
924 3365 1073 3414 muscu·
1186 3361 1193 3382 ‘

134 3463 264 3538 lorum
286 3464 583 3538 voluntariorum
608 3487 701 3560 saepe
719 3461 944 3561 producitur
961 3464 1002 3533 in
1022 3461 1071 3535 fe·
1157 3468 1159 3472 ’

134 3583 270 3656 brib'us
291 3609 334 3655 ex
350 3599 455 3656 aucta
479 3582 599 3654 cordis
617 3597 654 3653 et
667 3583 886 3654 arteriarum
903 3584 1071 3676 actione,

137 3727 221 3800 quae
234 3700 396 3773 fluidum
409 3727 588 3774 nerveum
602 3701 791 3790 exhaurit,
806 3715 843 3772 et
857 3702 936 3772 vice
949 3727 1072 3792 versa,

134 3796 184 3890 lb
208 3821 380 3894 exercitio
404 3825 539 3898 mentis
557 3822 616 3897 vel
628 3823 793 3921 corporis
805 3820 991 3914 violento,
1005 3837 1072 3896 aut
