2926 4942
513 427 804 500 ranrsrro.
1019 430 1118 528 xxvij

193 567 407 666 tentiginis,
428 587 493 642 seu
515 567 736 664 Impotentia
754 565 882 640 virilis
901 568 934 651 ἀ.
946 571 1120 668 Dyssper·

190 688 325 773 masia3
350 709 434 782 quae
444 685 521 780 jam
534 686 575 756 in
587 686 713 782 primo
725 684 925 760 Volumine
941 689 1119 760 recensita

190 807 284 896 suit;
313 806 378 878 sed
393 829 506 904 quam
534 803 596 876 hio
612 803 740 878 denno
753 804 912 878 ulterius
936 805 1119 880 discutere

190 925 312 1020 sategi.

239 1055 296 1130 Ad
319 1057 467 1130 Morbos
493 1055 729 1132 foeminarum
748 1057 866 1134 resero
884 1090 892 1128 ε
909 1085 939 1136 1.
956 1059 1116 1134 Machlo·

192 1201 339 1266 synen,
368 1175 407 1248 id
438 1190 515 1265 est,
546 1174 788 1251 effraenumin
811 1177 975 1252 soeminis
996 1183 1117 1254 coitus

189 1294 411 1366 desiderium
425 1350 436 1384 ,
449 1293 561 1394 vulgo
576 1310 613 1367 et
638 1297 840 1396 improprie
860 1303 983 1372 Furor
1006 1305 1116 1374 uteri·

189 1443 258 1490 nur
289 1429 356 1486 aut
380 1417 684 1516 Nymphomania
697 1415 817 1504 dicta;
847 1441 933 1490 nam
960 1415 1114 1492 morbus

189 1531 326 1630 dequo
338 1531 400 1604 hic
413 1535 555 1630 agitur,
572 1532 694 1606 sedem
718 1559 821 1607 suam
847 1560 916 1610 nec
935 1536 974 1607 in
1005 1559 1112 1626 nym-

186 1653 296 1753 phis,
315 1677 383 1726 nec
406 1655 446 1724 in
469 1669 576 1726 utero
602 1653 719 1726 habet.
757 1681 791 1728 a.
819 1657 1110 1754 Dyssynusiam‚

187 1798 252 1845 seu
278 1772 534 1848 difficultatem
560 1789 626 1846 aut
652 1775 926 1874 incapacitatem
954 1773 1112 1846 foemin'ae

187 1893 328 1978 coitum
353 1892 584 1965 admittendi.
611 1889 645 1962 3.
671 1892 916 1965 sterilitatem.
943 1896 978 1979 4.
997 1889 1111 1962 Abor-

186 2025 281 2088 tum.
316 2009 349 2084 5.
376 2015 523 2084 Partum
547 2007 750 2084 difficilem.
790 2011 824 2084 6.
849 2009 1110 2084 Graviditatem

187 2132 366 2230 spuriam.
406 2155 439 2228 7.
474 2134 760 2229 conceptionem
779 2155 845 2204 seu
858 2129 1110 2228 graviditatem

186 2250 484 2321 extrauterinam.
517 2246 665 2320 Morbos
685 2247 901 2345 genitalium
925 2245 1110 2344 reliquos,

186 2370 261 2466 jam
279 2368 368 2447 alibi
391 2371 431 2440 in
452 2369 523 2442 hoo
542 2393 652 2467 opere
676 2369 892 2457 recensitos,
919 2364 966 2437 ad
993 2363 1107 2438 finem

186 2490 303 2588 hujus
321 2491 492 2562 sectionis
510 2489 681 2562 indicavi.

234 2669 328 2738 Ono.
338 2671 395 2742 Ν.
408 2670 666 2740 Dmrrarronss
675 2691 840 2742 risonmr
849 2680 914 2738 aut
928 2667 1109 2738 viscerum

185 2785 391 2862 abnormes.
420 2791 500 2858 Huc
516 2801 702 2885 spectant:
733 2791 1008 2886 13Anevrysma
1032 2809 1109 2858 cor·

175 2907 253 2990 ,dis
281 2933 314 2978 a.
340 2910 561 3004 Anevrysma
584 2921 703 2978 aortae.
730 2905 763 2980 3.
782 2911 1005 3002 Anevrysma
1023 2901 1109 2976 alia·

185 3051 272 3098 rum
297 3032 523 3097 arteriarum.
553 3028 585 3110 Δ.
606 3024 725 3101 Varix.
756 3022 789 3098 5.
812 3025 985 3098 Dilatatio
1010 3049 1107 3096 mor·

184 3149 272 3224 hosa
288 3170 457 3218 vasorum
476 3142 799 3245 lymphaticorum.
821 3145 854 3220 6.
870 3144 1108 3216 Dilatationes
1181 3184 1185 3196 ‹

187 3265 364 3345 morbosae
379 3267 560 3338 viscerum
577 3265 775 3336 variorum.

234 3449 323 3516 Oro.
337 3447 585 3518 V.Aneosr1tr
597 3463 763 3516 vasorum
778 3438 1035 3514 antoanalium
1051 3437 1109 3517 ab.-

131 3543 133 3553 ⁸
189 3587 345 3634 normes.
369 3565 438 3636 Hic
454 3564 608 3638 nonnisi
629 3562 705 3636 duo
718 3585 850 3660 genera
864 3559 995 3634 admisi
1009 3588 1017 3632 ε
1033 3565 1107 3634 Ste-

188 3689 318 3773 nosin,
335 3707 399 3760 seu
413 3683 692 3760 coarctationem
715 3682 899 3762 canalium
918 3682 1106 3755 variorum

184 3801 348 3905 corporis
361 3799 568 3878 morbosam
581 3828 591 3894 3
605 3816 640 3874 et
650 3804 814 3894 Atisim,
827 3823 891 3879 seu
905 3795 1108 3896 strangula-
