2926 4942
454 437 746 519 P'RAEFATIO.
1022 454 1064 550 iij

137 577 230 662 terre
249 597 400 684 arguat,
438 583 587 657 onlines
613 599 651 656 et
679 607 824 708 genera
840 587 1034 662 omnm
1024 618 1066 664 in

139 705 379 807 sequentibus
403 701 546 803 ubique
575 679 824 803 comparative
852 729 941 778 cum
975 713 1068 784 meis
1117 691 1128 706 ’

138 827 270 916 retuli,
294 841 339 899 ut
355 823 469 898 lector
481 849 548 922 per
561 849 601 896 so
614 823 780 918 judicare
793 825 921 934 valeat

184 953 240 1020 De
259 943 475 1018 auctoribus
491 943 727 1032 viventibus,
754 947 824 1044 qui
837 960 922 1043 post
937 947 1070 1020 Cuunr·

139 1067 406 1141 roudebaore
419 1065 720 1164 seripserunt,ex
733 1065 942 1140 rationibus
952 1067 1073 1144 obviis

140 1203 263 1278 tace03
287 1191 515 1270 Pnouooorro
532 1182 610 1256 solo
624 1199 798 1281 excepto,
815 1201 946 1284 utpote
958 1214 1073 1286 quem

139 1305 188 1378 ob
198 1303 317 1376 multa
327 1305 463 1400 scripta
473 1302 616 1399 egregia
626 1316 663 1372 et
677 1301 804 1398 utilia,
821 1328 903 1400 quae
916 1303 963 1378 ad
976 1305 1074 1380 hano

141 1449 221 1497 rem
235 1436 427 1522 spectant,
453 1423 639 1522 praeterire
655 1446 734 1495 non
752 1421 849 1494 licet.

86 1561 96 1566 “
189 1549 407 1641 Progressus
422 1541 687 1628 scientiarum,
714 1540 906 1612 medicinae
923 1541 1075 1616 auxilia·

140 1663 295 1735 tricium
308 1659 519 1756 ,Physioes,
535 1658 715 1749 Chemiae,
729 1659 918 1732 Botanroes
929 1676 965 1733 et
980 1665 1076 1734 Ana·

110 1755 114 1766 ¹
140 1781 289 1868 tomiae,
315 1777 398 1850 a3o
411 1793 478 1850 aut
486 1780 548 1864 [ιο
563 1777 701 1850 abhinc
721 1761 830 1852 a'nnis
843 1803 930 1854 sane
949 1784 1076 1882 magni

142 1899 312 1974 fuerunt.
347 1903 509 1993 systema
545 1919 717 1970 vasorum
757 1899 1075 1998 lymphatioorum

142 2043 256 2118 opera
266 2023 452 2090 Masonem
460 2017 593 2088 eximie
604 2017 882 2116 investigatum
895 2019 1003 2092 fluidi
1018 2021 1076 2092 in·

142 2136 325 2228 visibilis,
351 2135 504 2233 globum
527 2148 732 2206 terrestrem
760 2135 930 2233 undique
949 2163 1078 2236 perva-

141 2259 289 2346 dentis,
312 2253 479 2326 influxus
498 2251 680 2324 mirificus
703 2255 743 2325 in
767 2269 923 2351 systema
941 2281 1076 2329 nervo-

142 2401 230 2453 sum
245 2399 267 2447 a
282 2377 446 2460 Gnnvsru
457 2372 748 2462 demonstratus3
765 2371 879 2446 fluida
892 2391 928 2447 et
941 2364 1089 2470 solida,

143 2519 283 2594 eorpus
304 2493 514 2565 humanum
543 2493 827 2581 constituentia,
856 2517 876 2565 a
899 2495 1076 2569 chemicis

141 2614 356 2690 clarissimis
369 2611 600 2708 investigata,
613 2625 785 2683 naturam
803 2625 839 2684 et
856 2611 1019 2686 indolem
1033 2641 1077 2690 ae

143 2755 274 2808 causas
291 2731 460 2830 plurium
477 2727 717 2819 morborum,
743 2747 849 2804 antea
866 2731 949 2806 altis
973 2749 1077 2808 tene-

142 2851 226 2924 bris
236 2846 417 2948 sepultas,
432 2845 595 2919 multum
605 2847 848 2924 illustrarunt.
859 2850 1078 2926 Substantia

142 2973 192 3044 ad
209 2971 448 3041 Curationem
461 2965 677 3040 morborum
696 2970 918 3060 servientes,
936 2989 1075 3070 vegeta·

144 3083 243 3163 biles
256 3104 294 3161 et
307 3084 511 3177 minerales,
527 3085 600 3159 fere
612 3111 762 3177 omnes,
773 3113 975 3188 earumque
987 3117 1077 3190 prae·

145 3223 274 3308 parata
300 3207 432 3295 varia,
472 3230 575 3276 nunc
601 3203 712 3300 longe
741 3199 903 3276 exa'ctius
929 3209 1076 3304 cognita

146 3341 256 3415 sunt,
270 3342 314 3400 ut
330 3325 420 3398 alibi
435 3325 474 3396 in
491 3349 574 3396 mea
587 3327 754 3394 Marsum
770 3348 901 3396 amores
912 3341 948 3396 et
959 3331 1074 3401 Pusu-

146 3469 368 3539 nacormrs‚
383 3443 527 3542 aliquot
537 3441 674 3512 abbinc
686 3441 794 3512 annis
806 3441 935 3532 editis,
950 3444 1074 3518 docui.

203 3571 288 3636 Haee'
308 3562 454 3660 aliaque
475 3560 607 3660 plura,
636 3561 838 3660 exquibus
857 3563 1076 3670 pathologiae'

147 3709 254 3784 aeqne
267 3710 309 3756 ac
325 3681 500 3754 methodo
512 3681 684 3756 medendi
701 3707 831 3780 magna
843 3683 907 3754 lux
917 3681 1076 3774 affulsit,

147 3833 173 3880 a
188 3787 340 3880 medicis
352 3802 481 3877 multis
497 3799 621 3877 adbuc
640 3801 698 3878 vel
717 3801 826 3902 plane
840 3789 1080 3900 ignorantur,

860 3928 933 4026 ri
