2870 4938
288 395 294 411 ‘
359 401 431 474 216
543 404 614 474 on.
640 403 691 470 11.
716 389 1100 491 ursecoarsns,
1153 501 1155 512 Ι

358 543 438 612 SYN.
454 531 648 610 Lienteria.
660 538 746 633 (Gr.
764 537 958 637 Λειεντερία).
983 541 1096 616 Auci.

455 659 605 735 Laevitas
622 651 899 730 intestinorum.
924 661 1032 734 Celei.

411 839 414 844 ,
455 777 647 850 Diarrhoea
660 776 940 875 indigestorum.
954 781 1057 852 Stoll.

408 977 470 1069 Sp.
488 997 524 1069 9.
538 971 731 1046 Diarrhoea
748 927 1001 1046 Metastatica.

417 1166 618 1240 VAnrAr
631 1191 704 1263 pro
729 1192 845 1238 causa
861 1171 1023 1240 remoto.-

359 1357 391 1428 'a
409 1361 462 1428 Ex
477 1355 637 1454 podagra
650 1334 853 1432 aberrante.
987 1443 991 1451 ι

360 1479 392 1565 β.
410 1479 463 1546 Ex
483 1473 677 1550 arthritide
699 1478 897 1578 podagrica
915 1480 973 1553 vel
990 1477 1216 1552 rheumatica
1240 1505 1291 1552 re·

411 1594 634 1686 trocedente.

259 1717 262 1726 “
356 1745 387 1814 y.
406 1718 458 1784 Ex
475 1713 690 1817 erysipelate
701 1715 961 1791 retrocedente.

358 1835 388 1902 δ.
406 1836 458 1903 Ex
469 1831 611 1903 morbis
625 1833 721 1904 cutis
732 1830 918 1904 chronicis
935 1831 992 1905 vel
1007 1835 1125 1906 acutis
1136 1848 1293 1906 retroce·
1422 1851 1423 1872 ¹

410 1941 586 2030 dentibus
598 2002 608 2038 ‚
620 1964 686 2020 aut
700 1950 927 2047 retropulsis.

311 2067 316 2078 '
360 2097 383 2138 ε.
401 2070 453 2136 Ex
468 2065 589 2142 ulcere
611 2082 676 2144 aut
700 2066 883 2144 fonticulo
905 2081 1124 2168 prepostero
1144 2071 1291 2143 siccato.

357 2195 386 2275 ζ.
403 2190 455 2256 Ex
472 2189 757 2285 transpiratione
776 2209 981 2289 suppressa.

357 2337 387 2388 η.
404 2307 457 2374 Ex
470 2305 603 2376 sudore
617 2304 724 2410 lomli
741 2321 918 2383 consueto
935 2330 1141 2408 ¹suppresso.

359 2429 394 2494 S.
404 2427 457 2494 Ex
471 2424 745 2523 galactoplania.
1225 2427 1229 2432 ’

359 2575 379 2614 ι.
401 2548 454 2614 Ex
468 2544 674 2642 uroplania.

357 2695 385 2734 κ.
402 2668 454 2734 Ex
467 2665 574 2759 aquis
587 2663 879 2762 hydropicorum
904 2663 1085 2764 absorptis
1105 2683 1142 2740 et
1158 2667 1204 2739 ad
1233 2669 1292 2740 in-

409 2781 541 2852 testina
556 2778 696 2854 delatis.

358 2905 387 2972 λ.
404 2903 457 2972 Ex
473 2924 568 2999 pure
586 2899 676 2994 alibi
689 2900 863 3002 absorpto
878 2901 970 2973 etad
988 2905 1161 2975 intestina
1177 2903 1292 3002 depo-

407 3021 488 3092 sito.
725 3031 726 3036 ’

355 3275 482 3351 putatur
497 3311 507 3342 ,
526 3266 577 3326 sed
592 3266 629 3328 ab
640 3265 767 3327 humore
783 3268 906 3348 gastrico
926 3268 1048 3344 vitiato,
1063 3277 1114 3328 aut
1124 3269 1161 3327 ab
1173 3269 1292 3330 actione

355 3365 519 3426 ventriculi
531 3366 682 3441 morbosa,
691 3367 740 3428 vel
751 3385 788 3426 ex
800 3365 876 3430 vitio
887 3387 1026 3427 rasorum
1044 3367 1290 3442 meseraicorunr,

354 3465 518 3528 autetiam
544 3483 584 3526 cx
604 3465 759 3546 assumptis
786 3467 886 3526 minus
912 3467 1123 3546 digestibilibus
1129 3511 1142 3543 ,
1170 3477 1288 3526 motum

354 3564 569 3643 peristclticum
583 3564 830 3638 accelerantibus,
844 3565 950 3624 oritur.
965 3564 1053 3625 Certe
1065 3566 1225 3646 paralysis,
1235 3575 1290 3625 ant

351 3663 487 3729 asthouir
495 3663 671 3741 ventriculi,
688 3666 738 3732 vel
749 3665 960 3732 intestinorum
971 3682 1091 3730 omnem
1102 3665 1200 3732 ideam
1211 3665 1287 3732 diu·

349 3766 443 3836 rhoea
458 3762 597 3833 excludit.
822 3779 824 3782 ·
