2926 4942
346 373 447 474 xtvnj
629 365 1008 478 turnonucrto.

296 649 299 654 Ι
343 565 738 640 commoraturum,
764 575 846 646 qua
864 551 1061 645 Nosologos
1082 543 1282 646 hucusque

350 698 457 768 toties
473 692 630 780 induxit,
644 705 687 763 ut
698 692 817 763 varias
829 690 967 787 species
975 687 1194 774 conderent;
1214 689 1283 758 im-

350 857 532 904 memores
548 854 653 916 sane,
672 855 715 899 ex
728 826 879 898 diversis
890 828 1007 898 causis
1019 823 1281 898 remotioribus

353 969 513 1041 eundern
534 975 743 1065 incorpore
760 965 933 1038 effectum
955 965 1131 1036 resultare
1152 985 1280 1060 posse:

352 1112 411 1182 Sic
427 1109 704 1198 Pneumonitis,
722 1108 802 1180 vini
820 1129 968 1178 excessu
983 1105 1162 1201 aequisita
1177 1156 1187 1191 ,
1202 1126 1281 1200 spe·

355 1249 411 1319 cie
441 1271 517 1318 non
536 1242 660 1316 differt
683 1243 730 1316 ab
759 1267 823 1334 ea,
853 1269 935 1341 quae
956 1267 1025 1350 per
1051 1239 1282 1312 saltationem

355 1389 529 1460 exoritur.
552 1427 608 1441 -
620 1383 846 1480 Ubicunque
864 1407 949 1480 ergo
961 1383 1002 1454 in
1012 1380 1143 1453 morbo
1154 1380 1282 1477 aliquo

354 1551 477 1598 unum
491 1522 664 1622 idemque
677 1522 880 1612 resultans,
894 1522 1154 1616 cujuscunque
1166 1541 1283 1588 causae

356 1660 509 1736 effectus
540 1663 610 1750 sit,
639 1659 876 1750 observatur,
907 1659 961 1731 ibi
986 1659 1034 1732 ab
1061 1657 1283 1731 ulteriorum

355 1801 560 1899 specierum
573 1798 882 1898 multiplicatione
892 1798 950 1871 vel
960 1797 1211 1870 subdivisione
1222 1797 1285 1870 ab·

356 1938 573 2012 stinendum
592 1955 667 2028 est,
688 1965 735 2011 ne
752 1942 793 2012 in
811 1963 971 2012 errorem
991 1941 1173 2012 Sauracns
1190 1937 1285 2008 inci·
1346 1981 1351 1992 -

359 2075 512 2167 damus,
533 2079 600 2176 qui
622 2092 677 2149 tot
699 2080 837 2175 species
852 2053 1146 2177 condidit,qudt
1161 2097 1285 2150 causas

310 2289 315 2297 ,
359 2233 518 2290 remotas
544 2233 737 2318 repererat.

389 2449 391 2458 ’
409 2459 547 2526 Verum
567 2469 689 2525 tamen
702 2459 846 2552 Species
858 2457 957 2529 alias
969 2471 1079 2556 atque
1092 2461 1206 2547 alias,
1222 2471 1289 2530 aut

327 2692 330 2700 ,
361 2591 594 2691 Sabspeciee,
611 2618 804 2692 agnoscere
821 2619 1042 2694 possumus,
1067 2595 1287 2692 ubicunque

363 2735 574 2832 principia,
588 2735 655 2806 etsi
680 2736 900 2826 remotiora,
921 2738 961 2806 in
990 2737 1107 2834 ipsam
1134 2736 1288 2833 genesin

363 2870 487 2945 morbi
508 2871 693 2943 influxum
714 2888 750 2944 et
771 2870 946 2944 effectum
968 2877 1191 2972 singntlarem
1216 2873 1289 2944 ba-

362 3006 450 3078 bere
471 3020 661 3104 poterant,
685 3008 849 3106 adeoque
864 3007 912 3078 ad
930 3007 1063 3080 melius
1080 3008 1288 3108 intelligen-

362 3145 448 3216 dam
466 3143 589 3217 morbi
606 3160 776 3217 naturam
794 3144 909 3217 facere
927 3161 1086 3244 queant:
1108 3172 1152 3218 eo
1174 3148 1289 3245 magis

364 3285 697 3376 iis‘insisteudum,
715 3288 745 3358 si
766 3284 860 3358 forte
875 3288 1072 3357 remotiora
1097 3287 1162 3357 ista
1186 3287 1290 3384 prin·

364 3421 460 3516 cipia
479 3423 518 3492 in
536 3421 710 3493 morbum
723 3437 938 3519 presentem
953 3421 1075 3494 adhue
1088 3445 1193 3520 agere
1207 3445 1290 3521 pos·

362 3570 453 3628 sunt
464 3585 476 3652 5
497 3537 801 3658 quandoquidem
823 3560 1065 3632 indicationes
1082 3560 1288 3658 Therapeu-

363 3696 442 3768 ticae
458 3695 503 3768 iis
520 3696 751 3776 innituntur.
768 3699 919 3774 Accedit
935 3696 1057 3774 adhuc
1070 3698 1172 3800 quod
1189 3721 1290 3768 occa-

1044 3817 1047 3826 *
1137 3840 1289 3910 sionum
