2900 4942
448 431 490 502 o.
515 429 549 502 r*
574 429 780 504 ruerus.
1033 429 1080 524 ³9

156 621 201 697 o.
225 629 268 696 x.
367 585 876 716 unnuuarorrna'(*).

155 803 265 872 AGr.
285 787 410 896 ῥεῦμα,
430 799 553 874 fluxus
581 829 590 874 :
614 800 739 876 Febris
755 799 995 878 rheumatioe.

141 1105 143 1110 ,
213 1023 362 1110 Febris
370 1023 490 1109 initio
503 1023 757 1140 plerumque
770 1027 971 1114 continua
978 1028 1081 1132 ,sed

156 1155 348 1242 secundo
363 1171 436 1242 aut
448 1157 574 1246 tertio
588 1159 729 1244 morbi
746 1157 838 1268 die,
859 1174 932 1244 aut
946 1159 1083 1245 serius

155 1287 382 1372 evidenter
395 1289 743 1394 remittens‚cum
758 1293 1081 1380 exacerbatione

155 1419 404 1533 quotidiana
412 1423 978 1538 vespertina.··-Praegressis
993 1423 1081 1512 lan-

152 1583 312 1664 gnore,
328 1551 647 1666 horripilatione
658 1585 739 1668 per
753 1571 891 1642 totum
902 1585 1081 1670 corpus,

152 1713 207 1768 ao
232 1681 465 1797 dyspboria
486 1683 671 1798 generali
692 1685 842 1800 pulsus
861 1683 1082 1801 frequens,

151 1813 337 1930 plenus,
358 1829 400 1900 et
419 1847 556 1931 saepe,
575 1817 761 1904 maxime
775 1817 896 1904 initio
913 1819 1080 1922 morbi,

151 1947 305 2056 fortis,
331 1977 603 2062 suppressus3
636 1949 792 2036 deinde
826 1948 1082 2065 plerumque

150 2110 345 2196 parvus,
376 2081 549 2188 debilis,
569 2071 743 2187 mollis,
769 2113 869 2168 cum
886 2081 1083 2198 phlogosi

152 2231 233 2301 aut
259 2211 405 2298 dolore
431 2215 478 2298 in
506 2214 637 2298 variis
668 2215 858 2327 corporis
892 2212 1084 2326 partibus

151 2350 343 2458 junctus.
360 2391 412 2410 -
432 2345 614 2433 Morbus
632 2347 678 2430 in
695 2345 815 2432 Zona
834 2338 994 2430 torrida
1012 2371 1083 2429 ra-

24 2523 30 2538 ·
151 2510 258 2583 rus,
289 2480 338 2564 in
362 2480 605 2594 regionibus
631 2479 817 2595 Europae
838 2480 1083 2594 temperatis

151 2607 281 2725 aeque
302 2637 352 2696 ao
380 2609 810 2726 septentrionalibus,
844 2610 1084 2726 praeprimis

152 2759 366 2829 autumno
396 2762 439 2830 et
463 2742 650 2857 hyeme,
689 2739 1082 2859 frequentissimus,

152 2877 414 2994 plerumque
441 2905 495 2962 ex
517 2875 842 2992 transpiratione
864 2873 1084 2989 refrigerio

153 3009 350 3124 eorporis
363 3039 602 3124 suppressa,
624 3041 794 3126 semper
805 3024 846 3095 et
861 3009 1085 3095 evidenter

198 3385 242 3462 (Ἴ
252 3385 304 3446 An
313 3381 576 3463 Rheumatopyra,
591 3379 708 3462 qualem
715 3379 768 3440 bio
781 3377 929 3439 delineari
936 3375 1088 3452 ,interlo-

156 3483 412 3550 bresrseemenda
421 3484 476 3560 sit,
487 3501 527 3546 m
540 3481 760 3562 mirapeis
777 3479 920 3559 jndioent.
938 3475 1087 3538 Ceterum

155 3587 272 3656 febrem
282 3582 496 3646 rheumatioam
506 3583 544 3642 ab
560 3581 730 3644 auctoribus
743 3579 942 3658 descriptam
952 3577 1034 3640 lebre
1043 3595 1090 3651 cs·

156 3679 286 3742 tarrhali
299 3699 333 3739 so
352 3679 576 3759 erysipelatosa,
596 3677 718 3740 nonnisi
727 3677 794 3738 sede
805 3675 952 3757 phlogosis
971 3673 1088 3738 differe

43 3821 46 3828 ¹
161 3780 374 3868 anamnesis,
387 3779 640 3866 otqmeuonibn
654 3773 940 3866 ρωυιειιωὴώω,
