2870 4938
294 376 298 386 ’
409 427 452 498 ο.
480 428 509 494 1.
546 423 785 494 ncnrsns.
823 439 827 446 ³
994 445 1065 518 ²99

179 583 232 659 A.
257 581 353 653 Vital
367 601 507 678 powers
520 577 730 650 exhausted.

124 727 128 736 ·
182 706 230 803 G.
257 703 502 802 Epuisement
518 697 582 772 des
594 697 710 771 forces
724 681 862 770 ritales.

185 819 518 920 Ge·Ersch6pfung
534 819 601 892 der
618 816 915 891 Lebenskraften.

183 997 225 1070 V
221 1021 375 1072 ΛΜΗ
388 1021 458 1097 pro
476 1027 594 1074 causa
610 1012 771 1074 remota.-

128 1185 160 1229 α.
185 1161 212 1228 Α
235 1153 381 1230 defectu
405 1157 658 1231 nutritionis:
684 1154 731 1226 ex'
749 1153 855 1226 diaeta
876 1177 988 1250 prava
1005 1169 1071 1224 aut

180 1301 225 1348 ex
247 1277 367 1348 causis
384 1276 542 1349 internis
564 1275 866 1350 assimilationem
890 1289 927 1360 et
946 1276 1069 1346 nutri-

177 1394 320 1464 tionem
339 1391 644 1492 impedientibus.
659 1392 753 1465 Vide
766 1395 968 1490 Atrophia.

127 1518 160 1606 β.
188 1512 244 1586 Ab
254 1538 327 1586 usu
341 1537 445 1611 aquae
458 1515 615 1613 impurae
630 1511 822 1584 habituali.

126 1665 158 1731 y.
187 1639 216 1703 A
230 1635 303 1706 vita
317 1650 490 1707 consueta
502 1637 542 1706 in
555 1633 797 1732 atmosphaera
810 1631 989 1720 humida,
1011 1657 1071 1702 ne·

178 1751 331 1842 bulosa,
356 1756 467 1826 variis
483 1754 737 1851 heterogeneis
751 1756 998 1850 impregnata.
1066 1753 1068 1758 ⁸

123 1873 157 1948 d.
182 1871 240 1944 Ab
251 1872 480 1945 habitatione
496 1872 674 1961 humida,
688 1869 842 1968 frigida,
862 1871 982 1941 ventis
999 1889 1067 1941 uo-

182 1971 253 2064 niis
269 2007 336 2064 aut
352 1990 513 2064 effluviis
529 1971 718 2089 paludosis
741 1991 904 2087 exposita
919 2017 929 2078 ;
950 1963 1008 2060 uel
1024 2014 1068 2059 ex

178 2110 254 2181 situ
278 2109 444 2206 ejusdem
470 2123 717 2208 superstrata
741 2121 876 2206 terra,
915 2104 1065 2178 effluv'ia

178 2232 287 2302 noxia
303 2209 512 2304 exhalantia
530 2228 603 2326 (**).

127 2382 155 2423 ε.
180 2351 362 2423 Amorhis
375 2353 494 2423 acutis
507 2349 565 2423 vel
576 2348 763 2422 chronicis
776 2345 950 2446 gravibus
967 2371 1066 2444 prae-

177 2467 365 2559 sentibus,
378 2468 437 2542 rel
452 2469 666 2567 praegressis.

125 2599 157 2670 ζ.
173 2586 230 2658 Ab
245 2588 790 2688 evacuationibussanguineis,
806 2585 931 2658 aliisve
941 2608 1066 2656 exere-

180 2706 347 2780 tionibus
371 2711 525 2797 nimiis,
554 2725 620 2782 aut
643 2709 788 2782 diutius
814 2707 1066 2793 continuatis,

179 2825 387 2918 ulceribus,
402 2825 595 2902 fonticulis
610 2843 677 2900 etc.
695 2851 832 2926 corpus
845 2825 1064 2898 exhaurien-

178 2943 290 3040 tibus.

124 3099 158 3147 η.
176 3065 569 3142 Alactationediutius
582 3069 811 3140 continuata.

120 3211 1064 3254 „nana—wh-

166 3317 237 3398 (⁴⁰³)
247 3319 363 3380 Exhoo
373 3322 458 3382 fonte
470 3367 478 3396 ,
492 3332 528 3382 ut
544 3325 647 3382 Bauer
663 3323 699 3382 de
709 3323 817 3380 senaar
827 3322 938 3393 refert,
960 3319 1064 3399 iugens

122 3419 278 3478 inlautum
292 3429 323 3480 et
337 3441 482 3500 equorum
502 3425 536 3484 in
548 3424 603 3484 hm
617 3426 691 3484 urbs
708 3423 888 3499 mortalitas3
908 3442 946 3482 ex
963 3421 1063 3480 eadem

122 3537 213 3576 causa
225 3518 255 3576 in
266 3518 383 3599 alpibus
393 3529 445 3580 aut
456 3521 528 3584 locis
539 3525 690 3584 montanis
705 3521 809 3582 incolae
819 3519 962 3579 domuum
974 3537 1066 3598 super

122 3639 217 3696 aquas
227 3619 450 3695 subterraneas,
467 3632 519 3681 aut
532 3631 725 3704 superstrata
743 3621 972 3694 lithantracum‚
989 3619 1063 3676 alim
1152 3616 1155 3624 '

122 3737 233 3809 rumve
243 3717 433 3779 mineraliu‘m
445 3721 586 3798 sitarum,
599 3739 674 3804 saepe
685 3733 785 3782 mente
796 3730 825 3780 et
836 3739 960 3800 corpore
971 3717 1065 3780 imha-
1154 3801 1156 3805 ι

122 3817 206 3882 eilles
218 3826 248 3880 et
258 3818 372 3880 infirmi
388 3820 528 3882 evadunt.
