2808 4936
343 469 384 537 0.
420 448 482 538 v1.
518 457 798 546 retain-orn.

104 609 230 683 taenia
252 620 337 680 actu
355 623 488 692 ,curata
513 611 664 707 petitur.
699 613 790 682 Nam
816 614 856 684 in
880 631 1043 718 utroque

103 755 191 802 casu
205 728 340 828 gravia,
358 729 434 801 imo
443 730 694 830 irreparabilia
706 734 934 834 quandoque
948 730 1043 814 mala

103 850 194 922 oriri
209 861 368 945 possunt
383 871 427 920 ex
442 869 565 919 errore
581 849 739 936 medici,
759 854 946 947 judicium
966 861 1044 934 leve

75 1009 77 1016 ⁴
104 968 173 1042 aut
190 972 442 1066 incongruum
469 967 631 1062 ferentis.
663 975 746 1042 Post
772 978 936 1048 maniam
966 977 1046 1054 lon·
1099 985 1101 988 ’

107 1113 189 1188 gam
207 1110 300 1186 aeger
318 1089 472 1160 nonnisi
489 1090 699 1160 cautissime
716 1091 762 1165 ad
784 1101 1047 1193 occupationes
1064 1090 1067 1098 ⁴

108 1235 192 1280 suas
206 1223 421 1296 consuetas,
435 1222 502 1278 aut
518 1207 565 1278 ad
580 1210 823 1284 recreationes
841 1215 1047 1290 ordinarias
1112 1274 1114 1282 ,

110 1328 230 1402 redire
245 1300 495 1426 pirmittatur.

158 1447 214 1520 Ad
229 1449 392 1518 Maniam
407 1444 532 1518 fictam
550 1437 833 1527 sensimulalam
846 1479 867 1526 a
879 1458 1047 1532 reradis.

111 1567 355 1666 tinguen‘dam
385 1570 558 1664 sagacitas
575 1571 785 1642 acutissima
814 1599 907 1673 saepe
928 1584 1050 1677 requi-

111 1707 219 1762 ritur.
266 1729 267 1734 κ

157 1809 210 1882 ad
231 1811 394 1880 Maniam
416 1807 640 1906 a‘P'aracope
666 1835 731 1882 seu
759 1808 892 1884 delirio
915 1814 1048 1888 distin·

109 1930 298 2026 guendam
312 1983 322 2018 ,
342 1930 537 2027 sequentia
551 1929 818 2001 consideranda
834 1950 924 2005 sunt
938 1962 946 2004 :

158 2052 282 2124 Mania
300 2075 446 2148 semper
462 2049 617 2132 morbus
629 2049 829 2124 chronicus
840 2071 914 2145 est,
930 2083 1048 2155 quan-

110 2173 237 2270 doque
253 2196 320 2269 per
330 2195 451 2240 annos
463 2169 624 2258 durans,
639 2170 863 2269 plerumque
878 2179 958 2248 sine
972 2178 1048 2250 ulla

109 2292 264 2364 lesione.
274 2292 314 2360 in
331 2286 486 2385 reliquis
504 2290 671 2387 corporis
687 2287 969 2365 functionibus:
987 2321 1048 2392 pa·

101 2435 242 2510 ¹racope
257 2434 324 2490 seu
341 2409 515 2480 delirium
534 2433 554 2478 e
572 2425 700 2481 contra
718 2410 972 2508 utplurimum
988 2417 1048 2487 ef-

110 2533 228 2606 fectus
238 2547 291 2602 est
305 2529 569 2612 simultaneus‚
584 2530 821 2604 immediatus
832 2550 868 2606 et
886 2533 1048 2612 directus

110 2652 235 2727 morbi
244 2653 531 2723 acutiPraeterea
540 2653 844 2723 statusmentisin
853 2654 1048 2730 hisceduo·

110 2773 184 2849 bus
201 2769 341 2844 morbis
355 2768 460 2840 valde
474 2769 640 2842 diversus
655 2786 724 2844 est:
743 2772 783 2841 in
803 2749 1049 2874 delirioaeger

112 2919 182 2967 nec
193 2892 370 2990 percipit,
381 2915 450 2962 nec
460 2889 647 2984 objectum
660 2890 782 2962 ullum
792 2917 969 2990 praesens,
985 2899 1050 2974 leo·

114 3029 197 3084 tum
206 3068 217 3100 ,
227 3008 350 3092 cubile
361 3023 428 3082 etc.
441 3011 639 3106 cognoscit,
652 3010 836 3082 adstantes
848 3039 925 3086 non
936 3017 1049 3107 videt,

46 3197 58 3208 .
75 3222 78 3227 ι
113 3157 183 3204 nec
196 3128 303 3201 audit
315 3130 349 3200 ei
365 3128 570 3224 loquentes.
582 3131 771 3201 Maniacus
786 3155 873 3234 vero
890 3137 1051 3232 percipit

111 3253 262 3336 omnia,
275 3247 396 3336 videt,
408 3248 533 3336 audit,
550 3263 587 3319 et
599 3273 691 3346 saepe
703 3253 893 3346 cognoscit
906 3267 943 3323 et
952 3279 1051 3326 com·
1111 3236 1115 3267 ²

114 3370 317 3471 prehendit
337 3371 464 3441 omnia
487 3391 569 3465 quae
592 3372 626 3440 ei
647 3368 852 3459 dicuntur3
875 3371 938 3442 sed
955 3374 1053 3446 male·
1145 3431 1147 3444 .

114 3511 153 3568 et
164 3493 322 3571 absurde
339 3492 582 3566 ratiocinatur
595 3491 701 3574 circa
718 3515 775 3580 ea,
793 3517 875 3589 qnae
897 3493 999 3566 videt
1017 3513 1054 3568 et

116 3615 232 3704 audit.
259 3617 397 3696 Omnes
427 3611 563 3681 mentis
594 3598 783 3680 facultates
813 3614 908 3684 circa
928 3639 1052 3686 unum

118 3737 306 3840 objectum
329 3731 513 3830 peculiare
533 3751 618 3802 cum
636 3727 801 3803 violento
815 3731 980 3827 ejusdem
996 3733 1055 3806 de.-

200 3877 228 3920 1·
331 3912 335 3934 ι
840 3853 926 3921 Mm
