2926 4942
391 458 429 535 st
458 443 467 455 “
498 505 507 545 ,,
654 430 1041 558 ιΝτῑὶιουυοτῐο.

388 667 457 732 Ιιιεε
469 638 625 712 curandi
637 661 659 710 a
673 638 790 710 causis
802 631 1198 742 remotis'desumendae
1212 649 1323 724 sunt,

394 804 477 875 quae
506 801 651 875 semper
680 776 766 874 plus
793 776 965 848 minusve
996 771 1163 847 sensibus
1185 773 1323 844 nostris

393 917 669 1016 percipiuntur.

441 1091 497 1162 Ad
516 1090 691 1163 morbum
706 1087 1013 1186 distinguendum
1036 1112 1150 1159 causae
1163 1085 1322 1158 eviden-

392 1245 466 1320 teS,
483 1256 562 1301 non
578 1231 817 1326 imaginariae,
832 1228 896 1300 sed
910 1227 1226 1300 observationibus
1241 1255 1323 1326 pro

393 1368 440 1442 be
455 1369 637 1459 stabilitae,
651 1383 761 1466 atque
774 1383 1020 1466 symptomata
1032 1367 1152 1439 morbi
1166 1367 1322 1439 sollicite

396 1506 604 1603 indaganda
625 1522 740 1596 sunt,
759 1522 888 1606 utpote
907 1533 989 1604 quae
1005 1506 1081 1578 sola
1101 1505 1172 1577 sub
1193 1530 1323 1578 sensus

394 1647 544 1720 cadunt.
566 1634 799 1745 Quandoque
816 1643 924 1719 etiam
948 1647 1190 1719 consideratio
1206 1661 1323 1717 status

327 1829 331 1836 ·
394 1789 476 1862 sani
493 1787 539 1858 ad
557 1765 807 1884 cognilionem
834 1803 949 1859 status
975 1785 1136 1858 morbosi
1158 1784 1322 1874 confert3

393 1925 481 2003 inde
499 1925 639 1998 utilitas
654 1928 856 2000 Anatomiae
878 1943 914 2002 et
931 1925 1178 2023 Physiologite.

441 2130 604 2196 Srsrrun
638 2130 891 2199 Nosorocrcurr
924 2129 1051 2224 itaque
1084 2150 1162 2196 non
1199 2123 1321 2197 solum

394 2253 542 2338 Morbos
559 2279 595 2340 et
612 2266 797 2357 Passiones
813 2267 977 2364 corporis
996 2262 1170 2352 humani,
1188 2288 1253 2334 seu
1270 2265 1323 2335 vi-

394 2405 445 2473 tia
460 2406 617 2474 actionis
634 2405 692 2476 vel
709 2404 861 2478 allectus
877 2429 921 2474 ex
939 2403 1039 2472 vitiis
1057 2418 1178 2492 natos,
1192 2427 1322 2474 omnes

394 2556 432 2611 et
460 2540 643 2636 singulos,
664 2539 858 2639 hucusque
882 2567 903 2611 a
926 2541 1076 2613 Medicis
1103 2544 1143 2613 in
1170 2542 1324 2615 diversis

393 2693 497 2748 terrae
528 2676 742 2774 regionibus
771 2694 807 2752 et
844 2678 1053 2750 climatibus
1089 2678 1322 2771 observatos,

395 2815 618 2887 universales
643 2830 679 2886 et
708 2814 968 2912 particulares,
1003 2819 1168 2888 internos
1198 2832 1235 2888 et
1261 2843 1320 2888 ex-

394 2962 519 3022 ternos
544 2975 777 3041 enumerare;
799 2951 992 3023 sedetiam
1017 2970 1262 3052 symptomata
1283 2970 1321 3026 et

394 3089 521 3184 signa,
550 3087 689 3185 quibus
708 3091 805 3159 inter
827 3115 864 3160 se
890 3089 1054 3186 dignosci
1078 3095 1251 3188 possint,
1278 3119 1321 3165 ac

397 3249 521 3296 causas
542 3251 671 3297 eorum
688 3225 846 3333 fideliter
860 3244 896 3299 et
910 3229 1091 3326 complete
1106 3285 1116 3317 ,
1133 3245 1318 3326 quantum

394 3365 545 3460 quidem
570 3366 665 3438 bene
687 3371 841 3466 cognitor
861 3381 972 3459 sunt,
993 3394 1178 3440 recensere
1197 3371 1317 3443 debet.

443 3502 533 3574 Inde
557 3505 695 3576 utilitas
721 3507 920 3604 Nosologitc
942 3507 1155 3578 methodicae
1173 3507 1317 3600 elucet,

393 3655 523 3740 utpote
546 3667 627 3738 quse
648 3669 724 3714 non
740 3644 860 3716 solum
880 3669 1079 3716 numerum
1098 3645 1315 3720 morborum

392 3777 508 3868 docet,
524 3778 586 3852 sed
601 3781 743 3854 medico
755 3784 915 3886 practico
930 3781 1036 3854 filum
1054 3782 1200 3884 praebet,
1218 3809 1314 3858 mor·
