2926 4942
358 377 461 452 xxiv.
677 371 971 462 PRAEFATIO.

357 518 467 588 etlam
493 537 631 585 nomen
659 512 979 612 Arteriophthoria
1009 511 1128 584 eidem
1155 511 1291 584 melius

341 623 343 636 ’
360 636 585 710 conveniret.

409 791 466 862 Ad
496 793 669 864 Ono.V1.
697 791 902 865 contextas
922 791 1116 864 Ulcerorae
1144 785 1291 859 refero:

365 937 394 986 1.
411 911 655 1001 Thymiosin,
681 935 702 981 a
724 915 862 982 Coram
883 909 1061 1010 aliisque,
1083 908 1197 1006 vulgo
1222 905 1293 978 sub

363 1027 516 1104 nomine
529 1024 685 1102 barbaro
696 1032 936 1104 Framboeaiae
947 1085 961 1118 ,
985 1031 1087 1103 Plan
1101 1051 1128 1098 s.
1142 1025 1293 1123 Epion,

362 1165 427 1248 aut
449 1153 560 1222 Yawa
575 1149 805 1245 descriptam.
822 1175 856 1218 a.
869 1145 1140 1248 Syphilitidem.
1158 1144 1191 1216 3.
1211 1147 1295 1215 Car·

228 1274 230 1282 ’
351 1269 526 1350 ‘kinoma
554 1272 587 1354 Δ.
617 1265 894 1365 Elephantiasin
912 1260 979 1337 eeu
1006 1264 1298 1338 Leontlasin.-

255 1391 258 1400 ’
365 1387 542 1486 Aphthae,
568 1411 681 1486 quam
704 1411 815 1485 supra
839 1387 909 1462 sub
937 1384 1297 1474 inflammationibus

367 1508 527 1578 mucosis
544 1509 732 1594 recensui,
761 1506 821 1580 hic
836 1507 1015 1594 memini,
1040 1505 1142 1604 quod
1157 1507 1196 1575 in
1215 1505 1298 1602 qui·

366 1625 521 1702 busdam
537 1624 735 1712 cachexiis,
753 1641 796 1698 ut
809 1623 1299 1723 morbusaymptomaticus,

369 1771 446 1818 non
463 1743 621 1833 febrilis,
645 1760 804 1818 occurat.

407 1869 474 1970 'Ad
500 1901 589 1970 ono.
613 1901 690 1972 Vll.
725 1901 935 1974 Caclexiar'
957 1912 1131 1970 catanens
1157 1893 1268 1967 retuli
1292 1914 1304 1950 ²

375 2025 405 2091 1'.
431 2015 608 2117 Alphum.
628 2049 658 2092 e.
686 2017 916 2115 Vitiliginem
935 2017 1047 2087 Cenat.
1079 2041 1112 2084 2.
1130 2019 1300 2115 Lepram.

354 2145 406 2210 '3.
423 2129 630 2212 ¹Pocriasin.
660 2139 694 2223 4.
713 2141 858 2209 Psoram
883 2191 893 2226 ,
918 2135 1030 2234 vulgo
1056 2138 1222 2212 scabiem
1247 2159 1302 2204 re-

372 2253 591 2330 centiorum.
635 2257 667 2330 5.
707 2241 911 2354 Herpetem.
951 2261 984 2326 6.
1030 2251 1303 2354 Epinyctidem.

375 2403 406 2474 7.
432 2377 669 2466 Phymatosin
698 2430 709 2465 ,
751 2402 771 2446 a
801 2371 1024 2473 quibusdam
1050 2375 1120 2448 sub
1149 2378 1303 2448 nomine

372 2500 523 2569 Ecceroe
547 2495 793 2592 descriptam;
826 2494 872 2566 ab
894 2493 975 2566 aliis
992 2498 1099 2568 etiam
1130 2493 1304 2595 Pernphi-
1388 2529 1391 2534 ·

373 2639 442 2712 gos
468 2612 690 2704 chromano,
725 2631 790 2686 aut
816 2615 1019 2712 Erysipelas
1049 2615 1302 2689 scorbn'ticum

373 2733 605 2834 appellatam.
632 2731 665 2805 8.
683 2735 875 2826 Pityriasin
895 2765 923 2807 a.
939 2736 1165 2834 Porriginem
1187 2741 1300 2812 Ceret.

376 2881 411 2952 9.
436 2854 598 2927 Tincam.
628 2851 681 2925 ro'.
700 2841 903 2943 Achorem3
922 2869 958 2926 et
980 2881 1032 2926 11.
1046 2856 1208 2958 denique
1227 2857 1306 2928 'rri-

260 3006 262 3010 ·
378 2972 532 3058 choma,
548 2968 808 3068 vulgo'Plicam
825 2972 1033 3046 Polonicam
1048 2974 1195 3046 dictam.
1215 2973 1307 3047 Plu-

378 3093 464 3184 nimi
478 3089 613 3163 horum
628 3081 844 3184 morborum
858 3119 876 3163 a
889 3097 1053 3166 Cunnnro
1068 3097 1193 3168 omissi
1205 3111 1307 3168 sunt.

379 3193 572 3307 Herpetem
588 3209 632 3280 ad
650 3207 798 3282 morbos
811 3205 941 3283 locales
958 3211 1027 3284 sub
1047 3212 1186 3284 Ordine
1203 3217 1306 3288 Dia·

381 3329 518 3422 lycium
537 3331 731 3430 recensuit.

429 3467 533 3536 Onoo
549 3471 641 3568 Vlll.
662 3471 855 3545 cachexia
880 3473 1121 3559 Verminam,
1146 3471 1214 3542 tria
1243 3491 1308 3566 ge-

386 3609 471 3654 nera
495 3587 689 3684 continent
716 3616 724 3657 :
744 3614 773 3662 1.
796 3594 1041 3666 Entomiaain.
1068 3616 1100 3661 a.
1123 3594 1310 3668 scoralia·-

381 3709 450 3774 εἰη.
463 3699 495 3774 3.
515 3707 561 3777 Η
563 3708 823 3781 elmintltiarin.
836 3752 884 3770 -
898 3711 1039 3780 Nomen
1052 3712 1281 3784 Encomiaets
1290 3763 1306 3798 ,
