2926 4942
412 341 794 466 INT'RODUCTIO.
1040 396 1078 472 lv

143 591 259 678 atque
268 587 445 661 versatus,
454 593 541 644 cum
553 594 722 647 successu
736 567 835 644 felici
844 585 960 644 artem
970 597 1076 651 auam

144 737 310 787 meruere
321 711 452 812 possit,
466 710 584 784 doure
597 709 656 783 vel
672 685 814 808 ingenii
830 713 891 784 sni
901 717 1077 790 acumine

144 853 327 953 singulari
342 849 478 942 fretus,
491 851 551 926 rel
568 849 689 926 multo
705 851 816 938 etiam
834 873 907 922 usu
921 851 1077 924 instruc·

145 989 523 1094 tus,prodiversitate
534 1011 727 1066 mumum
740 1005 777 1062 et
785 1001 1078 1090 symptomatum

145 1135 417 1208 distinctionem
440 1130 659 1204 morborum
683 1130 802 1204 ideam
818 1131 986 1232 sibiipsa
1005 1131 1076 1206 lor·

143 1276 318 1366 moverit,
338 1267 376 1346 e't
390 1285 619 1374 perspectam
633 1267 815 1343 habuerit.

192 1541 247 1607 Ex
263 1534 442 1606 hactenus
461 1530 568 1602 dictis
583 1544 703 1630 patet,
723 1555 837 1628 quam
858 1535 984 1632 magui
1001 1559 1075 1608 mo-

145 1672 268 1743 menti
282 1672 322 1741 in
330 1650 512 1742 Medicina
526 1671 602 1741 sint
615 1668 886 1744 observationes
900 1687 1029 1744 exactae
1041 1688 1078 1744 et

146 1807 276 1880 fideles
286 1832 439 1882 casuum
455 1802 757 1899 individuorum
771 1825 858 1880 nam
871 1805 926 1880 hae
935 1807 1019 1882 solae
1031 1811 1078 1882 ad

142 1945 438 2020 construendum
462 1945 608 2019 bonum
633 1962 790 2038 systema
815 1943 1074 2046 Nosologicum

143 2083 180 2162 et
193 2079 502 2188 Theraponticum
511 2087 687 2162 inservire
702 2105 870 2186 possunt.
884 2084 940 2160 Ad
957 2059 1083 2162 obser-¹

144 2231 313 2304 vationes
323 2246 445 2302 autem
460 2243 600 2300 exactas
610 2227 792 2300 faciendas
801 2229 1019 2325 requiritur,
1038 2246 1080 2302 ut

143 2369 313 2444 medicus
325 2393 402 2440 non
414 2368 535 2440 solum
550 2368 702 2466 ingenio
720 2381 756 2438 et
772 2365 985 2466 cognitione
999 2335 1084 2466 pol·¹

142 2509 235 2599 leat,
257 2507 321 2582 sed
339 2523 376 2580 et
388 2507 571 2608 probitate
585 2509 746 2579 emineat
759 2535 769 2599 ;
789 2523 832 2581 ut
845 2508 942 2580 nihil
959 2509 1079 2600 dicat,

141 2646 249 2746 quod
262 2617 339 2748 nou
349 2645 460 2736 vidit;
476 2661 521 2718 ut
531 2649 657 2718 omnia
667 2647 911 2744 phaenomena
927 2649 965 2718 in
981 2672 1078 2720 mor·

141 2787 193 2862 bo
209 2786 302 2857 dato
313 2787 544 2858 occurrentia
561 2785 778 2884 scrupulose
792 2786 869 2885 ipse
880 2780 926 2856 ad
940 2783 1079 2858 lectum

141 2927 230 3025 aegri
251 2925 421 3025 quotidie
438 2931 563 3014 notet,
582 2921 756 3024 nullique
773 2926 978 2997 narrationi
992 2923 1078 2996 alio·

143 3084 233 3140 rum
244 3063 502 3153 oonfidatmeo
510 3065 767 3162 imaginationi
778 3064 936 3162 proprie
949 3077 1082 3132 autva-

144 3205 255 3277 nitati
275 3203 355 3276 ullo
372 3203 482 3275 modo
501 3203 701 3298 indulgeat.
721 3195 822 3272 Nihil
840 3217 928 3270 sane
945 3198 1087 3267 nostris.

148 3319 381 3444 temporibus
389 3361 625 3443 progressum
640 3341 729 3412 artis
742 3342 858 3436 magis
866 3335 1080 3426 retardavit,

150 3493 262 3580 quam
281 3479 555 3556 observationes
572 3477 667 3552 male
679 3475 843 3575 digestae,
860 3492 926 3548 ant
939 3474 1089 3547 fallaces„

146 3645 193 3693 ex
207 3621 388 3693 memoria
396 3635 479 3719 pust
490 3619 618 3718 plures
627 3617 720 3707 dies,
731 3637 886 3705 menses,
895 3627 960 3686 ant
971 3618 1089 3688 etiam.

147 3765 269 3838 runos
279 3759 627 3860 leuitercouscriptae
638 3758 907 3848 3maximever0
919 3752 1092 3828 observa*
