2926 4942
428 367 808 442 mruouucrro.
847 468 853 484 l
1002 365 1089 470 xlvij

163 573 318 650 quoque
331 546 483 636 theoria,
498 563 541 620 ut
551 562 647 619 recte
658 546 825 620 observat
835 549 1094 640 Psoucourms,

166 691 330 789 ipsarum
366 689 570 788 specierum
602 685 890 760 fundamentum
923 685 1093 762 nondum

162 842 325 900 corruet.

211 1002 356 1074 Veritas
375 1001 597 1098 specierum,
623 996 670 1071 ad
700 995 765 1072 bus
784 997 889 1113 ⁴leges
918 1002 1097 1074 constitu·

164 1158 311 1230 tarum,
334 1143 512 1212 inuititur
536 1165 688 1239 quoque
713 1139 930 1214 cadaverum
957 1143 1098 1242 inspec-

162 1283 280 1370 tioni,
302 1305 346 1351 ex
367 1303 441 1380 qua
462 1279 691 1380 quandoque
715 1303 830 1353 causae
855 1279 1097 1376 morborum,

162 1433 210 1490 ut
237 1432 353 1490 status
381 1415 558 1488 normalis
589 1417 691 1515 ipsc,
719 1418 889 1514 cognosci
919 1433 1097 1520 possunt5

164 1557 228 1630 sed
249 1557 359 1656 longe
378 1555 496 1646 abest,
514 1557 610 1654 quin
629 1555 704 1628 haec
724 1557 904 1658 inspectio
922 1585 991 1633 nos
1004 1585 1096 1632 sem·

163 1675 233 1797 per
251 1711 317 1770 aut
330 1697 552 1797 plerumque
564 1695 609 1768 de
628 1697 746 1769 causis
763 1697 980 1772 morborum
1001 1717 1099 1776 recte

165 1842 345 1930 instruat,
373 1853 417 1910 ut
446 1835 559 1936 vulgo
585 1861 662 1909 non
688 1861 771 1910 raro
794 1840 987 1930 asseritur,
1012 1865 1100 1914 narn

167 2003 249 2078 quae
271 1977 457 2076 extispicia
483 1973 701 2050 cadaverum
733 1991 973 2070 monstrant,
1004 2004 1099 2080 saepe
1185 1977 1189 1985 ’

165 2131 256 2190 sunt
274 2118 400 2214 potius
409 2113 570 2188 effectus
586 2115 708 2188 morbi
729 2119 929 2212 praegressi,
949 2131 1015 2189 aut
1030 2131 1099 2188 sta-

166 2270 228 2326 tus
253 2254 416 2326 morbosi
435 2254 547 2351 longe
567 2267 673 2324 antea
689 2267 899 2356 praesentes,
928 2253 1100 2354 nihilque

167 2418 255 2464 curn
278 2390 410 2463 nrorbo
436 2390 571 2462 ultimo
598 2413 799 2462 commune
826 2386 1024 2479 habentes3
1055 2405 1099 2462 ut

164 2531 219 2601 sic
232 2553 355 2600 revera
368 2552 459 2626 saepe
472 2551 606 2627 parurn
622 2525 681 2599 vel
694 2525 790 2597 nihil
807 2526 900 2600 lucis
912 2527 959 2600 ad
975 2554 1100 2604 causas

164 2665 383 2739 morborum
407 2661 703 2738 determinandas
722 2661 929 2737 affundent.
998 2667 1005 2676 '

220 2845 470 2924 Accidentules
496 2849 728 2923 econtrario
760 2845 1003 2939 differentiae,
1032 2877 1100 2950 per

168 2993 404 3080 conditiones
413 3007 599 3069 extraneas
609 2991 735 3079 ellatae,
744 3017 826 3090 quoe
839 2992 991 3090 quidem
1003 3019 1099 3084 sym·

168 3149 335 3236 ptomata
348 3132 472 3207 morbi
485 3147 522 3203 et
535 3131 745 3230 periculum
764 3121 928 3220 mirum,
943 3131 1100 3230 ideoque

173 3273 392 3349 methodum
412 3262 585 3384 medendi
603 3273 713 3351 aliam
732 3288 953 3370 exposcunt,
975 3288 1098 3346 tamen

176 3416 338 3492 indolem
355 3414 476 3491 morbi
493 3437 571 3490 uon
589 3409 758 3486 atterant.

222 3563 407 3646 Extrancae
427 3574 502 3644 iuae
521 3570 752 3644 oonditiones
767 3585 877 3646 sunt:

224 3741 275 3806 1⁰.
295 3733 429 3831 Origo,
441 3733 571 3808 modus
588 3735 823 3829 acquirendi,
838 3734 1002 3806 varietas
1014 3757 1101 3814 cour
