2926 4942
476 393 766 470 nummo,
1036 425 1084 480 xv

153 539 326 630 bilitatis,
338 540 606 637 atquevisv'itae
616 541 740 610 sutivae
751 592 761 628 ,
772 558 876 638 teque
888 558 929 612 tc
940 541 1087 620 roboris

154 662 335 734 librarum
349 659 503 757 passivi,
531 681 736 754 earumque
756 671 873 730 suum
888 658 1085 740 abnormcs

155 779 334 872 exactius,
349 793 463 875 quam
473 775 627 872 quidem
638 775 816 850 hactenus
824 775 963 851 nuum
974 779 1087 858 fuisse

155 899 336 985 memini,
362 895 601 994 pretermissa
620 896 725 968 omui
744 895 886 970 theoria
904 897 1089 999 hypothe-

157 1020 252 1104 tica,
276 1013 441 1088 stabilire
462 1015 613 1092 tentati.
637 1013 696 1088 bd
719 1013 833 1088 linem
852 1043 968 1118 pauco
991 1023 1088 1096 oirct

154 1137 365 1210 doctrinam
381 1149 757 1234 temperamentorum
772 1135 899 1231 tdjecl.

204 1255 356 1330 Morbos
376 1271 594 1328 numerosos
618 1254 665 1326 ad
683 1253 779 1328 banc
800 1257 949 1332 classem
975 1265 1090 1361 perti·-

154 1390 341 1450 nentcset
364 1397 387 1446 a
409 1371 653 1472 scriptoribus
668 1373 886 1474 nosolcgiois
909 1377 1089 1458 breteuus

43 1580 48 1586 ,
153 1496 216 1570 vel
247 1493 472 1592 incomplcte
497 1491 556 1566 tel
576 1491 698 1566 alieno
728 1493 809 1568 loco
838 1497 1008 1592 traditos,
1046 1503 1089 1576 in

152 1641 218 1691 rex
232 1615 381 1688 ordines
397 1627 592 1712 sequentes
608 1612 812 1712 dispescrre
843 1623 1088 1694 necessarium

153 1737 262 1812 duxi.
285 1737 362 1809 Viz.
383 1752 432 1809 ιο.
453 1739 496 1807 ln
513 1734 668 1832 Eclyses.
687 1758 721 1808 u.
739 1735 916 1834 spasmos.
933 1741 967 1816 ὅ.
984 1735 1089 1840 Aige.

154 1869 266 1927 mata.
285 1857 319 1942 4.
335 1852 578 1950 Dyslrinesirs.
594 1851 627 1926 5.
644 1857 877 1950 Dysorexirs‚
893 1871 931 1929 et
941 1857 976 1930 6.
987 1863 1089 1932 Para·

153 1976 273 2048 neiat.
288 1972 421 2046 Medici
438 1973 591 2071 practici
603 1971 799 2048 utilitatem
814 1973 929 2073 hujus
941 1975 1089 2052 stauili-

152 2095 337 2186 cationis,
361 2108 405 2167 ut
429 2115 567 2186 spero,
594 2091 640 2164 ad
664 2090 776 2167 lectos
798 2121 978 2194 aegrorum
1003 2122 1090 2174 scn-

155 2230 267 2288 trent.

205 2335 349 2404 Connus
361 2327 458 2404 banc
470 2329 618 2404 classem
630 2335 815 2409 Necrossr
826 2334 990 2434 appellet
1002 2363 1012 2427 ;
1026 2341 1090 2416 sed

152 2447 228 2524 boc
241 2475 354 2523 sensu
371 2473 503 2524 omnes
519 2451 685 2549 corporis
708 2449 866 2524 humani
884 2453 1005 2529 morbi
1023 2461 1094 2530 Ne·

152 2594 282 2644 vroses
292 2569 470 2670 appellari
482 2585 641 2670 possent.
654 2569 803 2644 Morbos
815 2571 862 2646 ub
877 2592 921 2648 ec
934 2577 1005 2652 sub
1021 2577 1092 2652 bac

153 2690 270 2763 classe
298 2689 495 2762 recensitos
520 2690 561 2762 in
586 2704 749 2786 quatuor
776 2689 933 2768 Ordines
964 2721 994 2770 r.
1022 2701 1092 2772 Co—

132 2835 134 2842 ’
152 2825 272 2888 muta.
294 2835 326 2881 s.
343 2812 594 2907 Adynamiue.
609 2807 643 2883 3.
656 2811 846 2910 Spasmor,
863 2827 900 2885 et
916 2818 950 2901 Δ.
966 2817 1092 2892 Vm.

155 2936 245 3004 nius
261 2925 406 3002 dividit.

208 3047 288 3120 Sub
307 3045 514 3118 conatibus
527 3049 679 3120 nonnisi
696 3048 915 3147 ducgeucra
929 3049 1092 3152 Apoph-

157 3176 262 3245 tium
287 3183 325 3240 et
347 3171 557 3266 Paralysin
571 3168 756 3242 admittit:
779 3159 836 3239 A'd
858 3172 1021 3269 priorem
1039 3200 1093 3248 re·

161 3289 233 3362 lert
251 3289 503 3384 Catapuomm
518 3297 554 3358 ct
567 3289 781 3388 Aephyrioe
791 3279 918 3386 plures
935 3293 1091 3388 species,

161 3435 230 3481 nec
245 3433 325 3481 non
349 3407 561 3503 Catalcprin
575 3415 611 3476 et
623 3401 799 3484 Eustasirt
806 3439 824 3498 ;
839 3405 910 3479 sub
933 3413 1091 3510 paralysi

155 3523 371 3612 ‚rumorem
394 3523 564 3598 includit.
589 3555 643 3578 u·
661 3523 716 3596 Ad
734 3521 955 3623 Adynamias
982 3527 1093 3605 refert

165 3663 215 3724 1⁰.
228 3651 443 3745 Syncupem.
459 3669 491 3720 u.
511 3643 789 3746 Dytpeprlum;
805 3644 876 3718 sub
891 3637 959 3719 huc
972 3646 1092 3724 inclu-

160 3767 217 3841 dit
228 3771 442 3862 Nauteam,
459 3769 703 3859 Ameriam,
720 3768 991 3868 Gurdialgicm,
1004 3769 1092 3846 Fla·
