2908 4938
381 432 455 513 204
560 425 639 500 'cn
665 433 715 501 11.
739 407 1119 524 orssccnrsas,
1176 437 1180 444 ’

352 614 355 622 ·
379 599 403 639 ε.
435 566 488 639 ΑΙ)
504 570 782 640 arteuvrismate
803 584 927 667 rupto.
1015 599 1017 607 ’

377 699 406 770 ζ.
434 689 630 759 Avenenis
639 704 706 760 aut
716 690 995 763 medicamentis
1007 691 1172 764 drasticis
1184 689 1318 763 aliisve

424 804 572 877 acribus
585 806 785 904 deglutitis.

283 1001 287 1006 ,
375 954 406 1006 η.
433 924 650 1016 strumene,
675 927 772 1016 ictu,
796 931 1308 1044 contusiope,·concussione.

377 1071 414 1135 3.
437 1063 496 1136 ΑΒ
515 1063 693 1137 hirudine
718 1065 907 1163 deglutita.
998 1115 1001 1120 ,

376 1216 397 1258 t.
428 1183 640 1256 Acachexia
661 1185 879 1257 scorbutica.

425 1369 489 1506 Sp.
518 1411 550 1494 d.
575 1407 820 1481 Haemorrhoea
836 1413 1087 1525 ‘Pulmonalie

277 1615 279 1624 .
384 1667 392 1684 ι
425 1633 580 1730 Sanguis
597 1629 752 1703 floridus
778 1630 835 1712 vel
854 1633 1040 1729 nigricans
1068 1613 1158 1703 tussi
1182 1655 1250 1728 per
1267 1655 1308 1703 os

374 1749 528 1845 ejectus,
539 1735 763 1849 plerumque
777 1775 863 1821 cum
878 1752 1076 1836 anxietate,
1092 1772 1201 1821 sensu
1213 1773 1307 1846 pon·

374 1870 471 1940 deris
487 1885 553 1940 aut
565 1869 703 1940 doloris
722 1870 847 1942 obtusi
865 1872 905 1940 in
923 1867 1082 1966 quadam
1100 1882 1205 1966 parte
1224 1867 1306 1939 tho-

372 1991 485 2078 racis,
512 2012 554 2060 ac
567 1989 680 2088 pulsu
698 1989 950 2088 utplurimum
966 1991 1099 2086 parvo,
1117 1986 1230 2059 debili
1248 1988 1303 2077 (*).

373 2193 454 2262 Srn.
473 2187 814 2260 Pneumonorrhoea
834 2188 1047 2283 sanguinea.

472 2310 724 2406 Haemoptysis.

471 2431 681 2524 Haemoptoe'
702 2449 846 2507 venosa.
874 2429 1044 2534 Danvin.
1160 2489 1163 2496 .

425 2624 468 2695 V
464 2646 595 2695 AnrA
607 2647 631 2693 r
643 2648 712 2718 pro
733 2649 848 2695 causa
866 2636 1026 2713 remota,

419 2801 508 2870 Fere
516 2815 560 2870 ut
571 2800 935 2903 pneumonorrhagia
945 2803 1145 2900 sanguinea
1158 2826 1200 2873 ac
1212 2827 1300 2902 pree·

370 2933 465 2990 terea
481 2945 489 2988 :

369 3146 399 3188 a.
425 3108 453 3186 Α
468 3117 738 3212 compressione
752 3117 1002 3215 pulmonum:

423 3259 451 3310 1.
478 3237 534 3304 Ex
553 3234 646 3307 mala
664 3240 823 3335 pectoris
839 3237 1140 3311 conformatione.

407 3530 459 3606 (³⁴)
479 3534 517 3592 In
531 3539 617 3614 praxi
630 3539 740 3597 summi
756 3541 903 3600 momenti
915 3549 974 3614 est,
987 3539 1212 3600 haemorrhoeam
1225 3539 1295 3620 pul·

282 3677 285 3686 .
366 3630 515 3689 monalem
535 3632 572 3690 ab
592 3633 805 3716 haemorrhagia
826 3638 1004 3718 pulmonum
1026 3636 1084 3696 rite
1104 3637 1293 3716 distinguere.

365 3729 453 3788 Prior
465 3729 722 3792 deobstruentibns
742 3744 772 3794 et
792 3735 982 3820 eccoproticis
992 3733 1175 3812 debellanda,
1197 3743 1296 3816 poste·

365 3830 428 3904 rior
446 3829 701 3912 antiphlogisticis.
