2848 4938
235 437 257 484 -'
321 422 809 498 automatum.
958 427 1034 526 379

149 567 281 665 capitis
295 581 418 666 porte,
441 581 509 640 aut
523 567 650 665 potius
671 567 711 636 in
729 579 872 663 puncto
894 568 1033 654 cranii,

149 687 308 758 maxime
325 684 490 758 foeminis
505 681 763 786 hyperkinesia
780 683 1035 758 laborantibus

150 806 345 905 fremrenm
370 807 598 906 quandoque
620 808 731 880 etiam
754 831 776 878 a
798 808 883 880 viru
906 805 1039 904 syphi-·

149 927 251 1000 litico
272 943 387 1000 ortus.
513 989 517 992 .
840 975 843 984 .

102 1088 160 1178 A.
190 1063 469 1205 Kephalalgia
489 1085 758 1204 idiopathi'oa.

150 1258 224 1332 Ubi
239 1235 343 1334 sedes
357 1275 394 1332 et
408 1285 517 1334 oausa
533 1259 656 1333 morbi
669 1274 723 1332 est
738 1262 777 1332 in
796 1262 878 1360 ipso
896 1262 1035 1358 capite,

103 1375 218 1476 idque
234 1377 293 1452 vel
309 1393 459 1450 externe
476 1379 517 1453 iu
537 1379 721 1477 periosteo
736 1393 802 1450 aut
825 1379 867 1450 in
891 1378 1037 1450 ossibus

96 1500 216 1570 cranii
229 1515 243 1588 ;¹
259 1497 318 1570 vel
331 1500 479 1572 'interne
494 1501 533 1570 in
549 1497 699 1572 cerebro
711 1514 778 1580 aut
789 1499 870 1594 ejus
890 1499 1035 1572 meniu·
1073 1540 1076 1550 ν

99 1619 227 1718 gibus,
253 1620 347 1692 vasio
368 1635 434 1692 aut
457 1619 694 1704 caritatibu83
718 1617 778 1692 rel
804 1619 1033 1720 denique'in

100 1763 181 1814 osse
193 1739 419 1828 ethmoideo‚
435 1741 552 1812 autin
569 1737 729 1810 sinubus
740 1736 974 1812 frontalibus.

157 1867 162 1876 x

150 1923 211 2018 Sp.
238 1945 268 1998 1.
294 1917 530 2018 Kephalalgia
547 1921 746 2017 organica.

154 2078 317 2148 Vertar
326 2101 400 2174 pro
417 2101 534 2149 causa
555 2089 723 2150 remota:

103 2267 136 2308 α.
160 2234 299 2308 Amaia
325 2232 619 2307 conformatione
646 2236 957 2334 capitisoonnata
977 2233 1035 2306 rel

154 2355 346 2452 aequisita.
673 2441 677 2448 Ι

103 2478 137 2566 β.
163 2479 190 2548 Α
212 2477 250 2547 vi
274 2489 423 2548 externa
447 2475 559 2572 capiti
584 2473 704 2546 illata:
720 2499 768 2548 ex
783 2477 879 2564 ictu,
903 2475 1038 2572 lapsu,

159 2597 398 2686 contusione,
414 2596 676 2684 concussione,
695 2595 870 2683 vulnere,
888 2594 1038 2684 fissura,
1144 2677 1147 2682 ,

158 2711 340 2802 fractura,
359 2716 650 2812 intropressione
665 2716 803 2786 ossium
821 2696 958 2800 orarii,
979 2710 1039 2792 vel

159 2857 204 2904 ex
224 2829 376 2918 festucis
392 2832 789 2929 ossiummeningibus
807 2846 872 2904 aut
888 2830 1041 2912 cerebro

156 2949 291 3026 infixis.

104 3103 135 3172 y.
159 3071 215 3146 Ab
231 3074 515 3146 extravasatione
531 3087 597 3144 aut
618 3073 849 3170 stagnatione
876 3068 934 3142 vel
951 3093 1038 3142 oona

152 3193 318 3306 gestione
331 3194 547 3289 sauguinis,
566 3195 733 3291 pituitaess
752 3191 935 3289 lympha,
948 3191 1038 3280 seri,

156 3337 280 3410 aquae,
305 3315 436 3411 puris,
461 3311 564 3387 lactis
581 3315 621 3384 iu
644 3338 732 3385 cavo
750 3313 879 3384 cranii.

17 3410 19 3416 ¹
107 3435 137 3510 δ.
161 3429 217 3503 Ab
240 3429 534 3504 inflammatione
562 3447 628 3504 aut
652 3445 877 3532 apostemate
902 3428 1042 3507 cerebri

159 3551 284 3646 ejusve
304 3535 536 3650 mening'um.

107 3699 133 3752 a.
161 3673 191 3738 A
215 3672 486 3766 compressione
517 3671 656 3744 cerebri
685 3699 692 3742 :
724 3696 769 3742 ex
803 3668 1044 3760 tumoribus,

110 3812 227 3902 pure,
245 3801 482 3883 steatomata,
504 3793 666 3906 polypo,
689 3789 949 3884 hydatidibus‚
976 3805 1046 3880 estc.⁸
