<?xml version="1.0" encoding="UTF-8"?>
<!DOCTYPE html PUBLIC "-//W3C//DTD XHTML 1.0 Transitional//EN"
    "http://www.w3.org/TR/xhtml1/DTD/xhtml1-transitional.dtd">
<html xmlns="http://www.w3.org/1999/xhtml" xml:lang="en" lang="en">
 <head>
  <title>
</title>
<meta http-equiv="Content-Type" content="text/html;charset=utf-8" />
  <meta name='ocr-system' content='tesseract 3.04.00' />
  <meta name='ocr-capabilities' content='ocr_page ocr_carea ocr_par ocr_line ocrx_word'/>
</head>
<body>
  <div class='ocr_page' id='page_1' title='image "./novumnosologiae00swedgoog_0046.png"; bbox 0 0 2876 4940; ppageno 0'>
   <div class='ocr_carea' id='block_1_1' title="bbox 241 747 872 907">
    <p class='ocr_par' dir='ltr' id='par_1_1' title="bbox 241 747 872 907">
     <span class='ocr_line' id='line_1_1' title="bbox 241 747 872 907; baseline 0.011 -63"><span class='ocrx_word' id='word_1_1' title='bbox 241 835 246 844; x_wconf 86' lang='lat'>.</span> <span class='ocrx_word' id='word_1_2' title='bbox 298 747 872 907; x_wconf 80' lang='lat' dir='ltr'><strong>mmonncrto</strong></span> 
     </span>
    </p>
   </div>
   <div class='ocr_carea' id='block_1_2' title="bbox 28 1381 1068 3886">
    <p class='ocr_par' dir='ltr' id='par_1_2' title="bbox 28 1381 1068 3886">
     <span class='ocr_line' id='line_1_2' title="bbox 117 1381 1050 1536; baseline 0.011 -30"><span class='ocrx_word' id='word_1_3' title='bbox 117 1381 361 1520; x_wconf 75' lang='lat' dir='ltr'><strong>Noso&#39;noort</strong></span> <span class='ocrx_word' id='word_1_4' title='bbox 380 1430 422 1528; x_wconf 85' lang='lat' dir='ltr'><strong>(a</strong></span> <span class='ocrx_word' id='word_1_5' title='bbox 439 1455 493 1526; x_wconf 86' lang='lat' dir='ltr'><strong>gr.</strong></span> <span class='ocrx_word' id='word_1_6' title='bbox 510 1437 612 1514; x_wconf 83' lang='grc' dir='ltr'>Νόσος</span> <span class='ocrx_word' id='word_1_7' title='bbox 631 1433 783 1507; x_wconf 87' lang='lat' dir='ltr'>morbus</span> <span class='ocrx_word' id='word_1_8' title='bbox 798 1451 834 1509; x_wconf 86' lang='lat' dir='ltr'><strong>et</strong></span> <span class='ocrx_word' id='word_1_9' title='bbox 849 1441 949 1536; x_wconf 70' lang='grc' dir='ltr'><strong><em>Λόγος</em></strong></span> <span class='ocrx_word' id='word_1_10' title='bbox 966 1439 1050 1516; x_wconf 88' lang='lat' dir='ltr'><strong>doc·</strong></span> 
     </span>
     <span class='ocr_line' id='line_1_3' title="bbox 119 1571 1051 1670; baseline 0.008 -25"><span class='ocrx_word' id='word_1_11' title='bbox 119 1576 239 1664; x_wconf 87' lang='lat' dir='ltr'><strong>trina)</strong></span> <span class='ocrx_word' id='word_1_12' title='bbox 254 1571 313 1644; x_wconf 85' lang='lat' dir='ltr'><strong>vel</strong></span> <span class='ocrx_word' id='word_1_13' title='bbox 323 1572 432 1644; x_wconf 82' lang='lat' dir='ltr'><strong>etiam</strong></span> <span class='ocrx_word' id='word_1_14' title='bbox 446 1573 676 1644; x_wconf 72' lang='lat' dir='ltr'><strong>Pornotoon</strong></span> <span class='ocrx_word' id='word_1_15' title='bbox 690 1572 725 1670; x_wconf 86' lang='lat' dir='ltr'><strong>(a</strong></span> <span class='ocrx_word' id='word_1_16' title='bbox 738 1598 790 1670; x_wconf 86' lang='lat' dir='ltr'><strong>gr.</strong></span> <span class='ocrx_word' id='word_1_17' title='bbox 805 1581 904 1658; x_wconf 71' lang='grc' dir='ltr'><em>Πάθος</em></span> <span class='ocrx_word' id='word_1_18' title='bbox 916 1583 1051 1670; x_wconf 83' lang='lat' dir='ltr'><strong>Passio,</strong></span> 
     </span>
     <span class='ocr_line' id='line_1_4' title="bbox 118 1709 1054 1812; baseline 0.004 -28"><span class='ocrx_word' id='word_1_19' title='bbox 118 1709 300 1807; x_wconf 79' lang='lat' dir='ltr'><strong>affectus)</strong></span> <span class='ocrx_word' id='word_1_20' title='bbox 317 1725 370 1783; x_wconf 84' lang='lat' dir='ltr'><strong>est</strong></span> <span class='ocrx_word' id='word_1_21' title='bbox 386 1709 554 1783; x_wconf 80' lang='lat' dir='ltr'><strong>doctrina</strong></span> <span class='ocrx_word' id='word_1_22' title='bbox 572 1709 618 1780; x_wconf 84' lang='lat' dir='ltr'><strong>de</strong></span> <span class='ocrx_word' id='word_1_23' title='bbox 636 1710 777 1782; x_wconf 88' lang='lat' dir='ltr'><strong>morbis</strong></span> <span class='ocrx_word' id='word_1_24' title='bbox 791 1728 857 1784; x_wconf 82' lang='lat' dir='ltr'><strong>aut</strong></span> <span class='ocrx_word' id='word_1_25' title='bbox 872 1718 1054 1812; x_wconf 83' lang='lat' dir='ltr'><strong>passioni·</strong></span> 
     </span>
     <span class='ocr_line' id='line_1_5' title="bbox 121 1846 1053 1948; baseline 0.006 -30"><span class='ocrx_word' id='word_1_26' title='bbox 121 1846 191 1919; x_wconf 89' lang='lat' dir='ltr'><strong>bus</strong></span> <span class='ocrx_word' id='word_1_27' title='bbox 211 1848 387 1945; x_wconf 72' lang='lat' dir='ltr'><strong>,corporis</strong></span> <span class='ocrx_word' id='word_1_28' title='bbox 406 1846 574 1920; x_wconf 79' lang='lat' dir='ltr'><strong>humani.</strong></span> <span class='ocrx_word' id='word_1_29' title='bbox 589 1851 672 1920; x_wconf 85' lang='lat' dir='ltr'><strong>Haeo</strong></span> <span class='ocrx_word' id='word_1_30' title='bbox 688 1848 765 1920; x_wconf 88' lang='lat' dir='ltr'><strong>duo</strong></span> <span class='ocrx_word' id='word_1_31' title='bbox 782 1849 958 1921; x_wconf 78' lang='lat' dir='ltr'><strong>vocabula</strong></span> <span class='ocrx_word' id='word_1_32' title='bbox 977 1851 1053 1948; x_wconf 88' lang='lat' dir='ltr'><strong>ple·</strong></span> 
     </span>
     <span class='ocr_line' id='line_1_6' title="bbox 28 1971 1053 2104; baseline 0.006 -45"><span class='ocrx_word' id='word_1_33' title='bbox 28 1971 32 1982; x_wconf 47' lang='lat'>¹</span> <span class='ocrx_word' id='word_1_34' title='bbox 124 2011 290 2084; x_wconf 83' lang='lat' dir='ltr'><strong>rumque</strong></span> <span class='ocrx_word' id='word_1_35' title='bbox 307 1985 595 2059; x_wconf 87' lang='lat' dir='ltr'><strong>confunduntur</strong></span> <span class='ocrx_word' id='word_1_36' title='bbox 608 2003 644 2060; x_wconf 88' lang='lat' dir='ltr'><strong>et</strong></span> <span class='ocrx_word' id='word_1_37' title='bbox 663 1988 776 2104; x_wconf 70' lang='lat' dir='ltr'><strong>volgo</strong></span> <span class='ocrx_word' id='word_1_38' title='bbox 793 2015 915 2064; x_wconf 85' lang='lat' dir='ltr'><strong>unum</strong></span> <span class='ocrx_word' id='word_1_39' title='bbox 933 1992 1053 2064; x_wconf 86' lang='lat' dir='ltr'><strong>idem-</strong></span> 
     </span>
     <span class='ocr_line' id='line_1_7' title="bbox 123 2123 1056 2233; baseline 0.006 -35"><span class='ocrx_word' id='word_1_40' title='bbox 123 2153 195 2233; x_wconf 77' lang='lat' dir='ltr'><strong>qne</strong></span> <span class='ocrx_word' id='word_1_41' title='bbox 206 2123 436 2230; x_wconf 50' lang='lat' dir='ltr'><strong>significant?</strong></span> <span class='ocrx_word' id='word_1_42' title='bbox 453 2129 519 2198; x_wconf 87' lang='lat' dir='ltr'><strong>etsi</strong></span> <span class='ocrx_word' id='word_1_43' title='bbox 533 2128 649 2226; x_wconf 85' lang='lat' dir='ltr'><strong>reipsa</strong></span> <span class='ocrx_word' id='word_1_44' title='bbox 665 2129 762 2198; x_wconf 87' lang='lat' dir='ltr'><strong>inter</strong></span> <span class='ocrx_word' id='word_1_45' title='bbox 771 2153 808 2198; x_wconf 89' lang='lat' dir='ltr'><strong>se</strong></span> <span class='ocrx_word' id='word_1_46' title='bbox 820 2128 1056 2204; x_wconf 86' lang='lat' dir='ltr'><strong>disserentem</strong></span> 
     </span>
     <span class='ocr_line' id='line_1_8' title="bbox 122 2239 1058 2368; baseline 0.001 -28"><span class='ocrx_word' id='word_1_47' title='bbox 122 2266 439 2368; x_wconf 76' lang='lat' dir='ltr'><strong>significationem</strong></span> <span class='ocrx_word' id='word_1_48' title='bbox 461 2239 630 2360; x_wconf 79' lang='lat' dir='ltr'><strong>habeant.</strong></span> <span class='ocrx_word' id='word_1_49' title='bbox 658 2267 715 2336; x_wconf 88' lang='lat' dir='ltr'><strong>Sic</strong></span> <span class='ocrx_word' id='word_1_50' title='bbox 733 2266 864 2338; x_wconf 89' lang='lat' dir='ltr'><strong>oculus</strong></span> <span class='ocrx_word' id='word_1_51' title='bbox 889 2271 1058 2341; x_wconf 86' lang='lat' dir='ltr'><strong>continet</strong></span> 
     </span>
     <span class='ocr_line' id='line_1_9' title="bbox 121 2403 1057 2508; baseline 0.002 -30"><span class='ocrx_word' id='word_1_52' title='bbox 121 2405 334 2504; x_wconf 86' lang='lat' dir='ltr'><strong>potentiam</strong></span> <span class='ocrx_word' id='word_1_53' title='bbox 355 2429 419 2478; x_wconf 86' lang='lat' dir='ltr'><strong>seu</strong></span> <span class='ocrx_word' id='word_1_54' title='bbox 437 2403 645 2478; x_wconf 79' lang='lat' dir='ltr'><strong>facultatem</strong></span> <span class='ocrx_word' id='word_1_55' title='bbox 665 2405 837 2498; x_wconf 75' lang='lat' dir='ltr'><strong>videndi5</strong></span> <span class='ocrx_word' id='word_1_56' title='bbox 861 2409 961 2479; x_wconf 87' lang='lat' dir='ltr'><strong>visus</strong></span> <span class='ocrx_word' id='word_1_57' title='bbox 978 2410 1057 2508; x_wconf 88' lang='lat' dir='ltr'><strong>ipse</strong></span> 
     </span>
     <span class='ocr_line' id='line_1_10' title="bbox 122 2545 1058 2646; baseline 0.001 -28"><span class='ocrx_word' id='word_1_58' title='bbox 122 2549 220 2619; x_wconf 84' lang='lat' dir='ltr'><strong>actio</strong></span> <span class='ocrx_word' id='word_1_59' title='bbox 235 2559 312 2618; x_wconf 90' lang='lat' dir='ltr'><strong>est:</strong></span> <span class='ocrx_word' id='word_1_60' title='bbox 325 2547 355 2617; x_wconf 87' lang='lat' dir='ltr'><strong>si</strong></span> <span class='ocrx_word' id='word_1_61' title='bbox 372 2547 538 2644; x_wconf 85' lang='lat' dir='ltr'><strong>potentia</strong></span> <span class='ocrx_word' id='word_1_62' title='bbox 548 2545 626 2616; x_wconf 88' lang='lat' dir='ltr'><strong>laesa</strong></span> <span class='ocrx_word' id='word_1_63' title='bbox 640 2561 709 2640; x_wconf 84' lang='lat' dir='ltr'><strong>est,</strong></span> <span class='ocrx_word' id='word_1_64' title='bbox 724 2545 871 2618; x_wconf 86' lang='lat' dir='ltr'><strong>laeditnr</strong></span> <span class='ocrx_word' id='word_1_65' title='bbox 882 2549 978 2618; x_wconf 88' lang='lat' dir='ltr'><strong>actio</strong></span> <span class='ocrx_word' id='word_1_66' title='bbox 990 2572 1058 2646; x_wconf 85' lang='lat' dir='ltr'><strong>per</strong></span> 
     </span>
     <span class='ocr_line' id='line_1_11' title="bbox 123 2654 1060 2775; baseline 0 -17"><span class='ocrx_word' id='word_1_67' title='bbox 123 2686 227 2760; x_wconf 88' lang='lat' dir='ltr'><strong>illam</strong></span> <span class='ocrx_word' id='word_1_68' title='bbox 256 2654 511 2758; x_wconf 81' lang='lat' dir='ltr'><strong>conditionem</strong></span> <span class='ocrx_word' id='word_1_69' title='bbox 540 2685 779 2775; x_wconf 82' lang='lat' dir='ltr'><strong>abnormem3</strong></span> <span class='ocrx_word' id='word_1_70' title='bbox 798 2686 888 2757; x_wconf 90' lang='lat' dir='ltr'><strong>hinc</strong></span> <span class='ocrx_word' id='word_1_71' title='bbox 905 2686 983 2757; x_wconf 87' lang='lat' dir='ltr'><strong>laesa</strong></span> <span class='ocrx_word' id='word_1_72' title='bbox 1006 2689 1060 2758; x_wconf 86' lang='lat' dir='ltr'><strong>vi-</strong></span> 
     </span>
     <span class='ocr_line' id='line_1_12' title="bbox 122 2823 1061 2928; baseline -0.005 -28"><span class='ocrx_word' id='word_1_73' title='bbox 122 2826 242 2900; x_wconf 85' lang='lat' dir='ltr'><strong>dendi</strong></span> <span class='ocrx_word' id='word_1_74' title='bbox 262 2823 415 2912; x_wconf 65' lang='lat' dir='ltr'><strong>facultas</strong></span> <span class='ocrx_word' id='word_1_75' title='bbox 432 2848 508 2909; x_wconf 37' lang='lat' dir='ltr'><strong>seu„</strong></span> <span class='ocrx_word' id='word_1_76' title='bbox 530 2826 695 2922; x_wconf 83' lang='lat' dir='ltr'><strong>potentia</strong></span> <span class='ocrx_word' id='word_1_77' title='bbox 729 2826 881 2924; x_wconf 82' lang='lat' dir='ltr'>proprie</span> <span class='ocrx_word' id='word_1_78' title='bbox 911 2828 1061 2928; x_wconf 73' lang='lat' dir='ltr'><strong>Morinos</strong></span> 
     </span>
     <span class='ocr_line' id='line_1_13' title="bbox 123 2941 1060 3056; baseline -0.005 -18"><span class='ocrx_word' id='word_1_79' title='bbox 123 2966 316 3056; x_wconf 83' lang='lat' dir='ltr'><strong>est3aotio</strong></span> <span class='ocrx_word' id='word_1_80' title='bbox 330 2987 417 3035; x_wconf 84' lang='lat' dir='ltr'><strong>vero</strong></span> <span class='ocrx_word' id='word_1_81' title='bbox 442 2961 521 3034; x_wconf 76' lang='lat' dir='ltr'><strong>laesa</strong></span> <span class='ocrx_word' id='word_1_82' title='bbox 547 2987 611 3034; x_wconf 89' lang='lat' dir='ltr'><strong>seu</strong></span> <span class='ocrx_word' id='word_1_83' title='bbox 636 2941 736 3035; x_wconf 81' lang='lat' dir='ltr'><strong>visus</strong></span> <span class='ocrx_word' id='word_1_84' title='bbox 760 2959 912 3034; x_wconf 82' lang='lat' dir='ltr'><strong>abolitio</strong></span> <span class='ocrx_word' id='word_1_85' title='bbox 937 2967 1060 3033; x_wconf 68' lang='lat' dir='ltr'><strong>Possto</strong></span> 
     </span>
     <span class='ocr_line' id='line_1_14' title="bbox 125 3100 1063 3198; baseline -0.007 -21"><span class='ocrx_word' id='word_1_86' title='bbox 125 3121 188 3177; x_wconf 87' lang='lat' dir='ltr'><strong>est.</strong></span> <span class='ocrx_word' id='word_1_87' title='bbox 208 3107 344 3194; x_wconf 89' lang='lat' dir='ltr'><strong>Quum</strong></span> <span class='ocrx_word' id='word_1_88' title='bbox 368 3127 454 3198; x_wconf 83' lang='lat' dir='ltr'><strong>ergo</strong></span> <span class='ocrx_word' id='word_1_89' title='bbox 475 3101 626 3174; x_wconf 88' lang='lat' dir='ltr'>morbus</span> <span class='ocrx_word' id='word_1_90' title='bbox 645 3126 728 3172; x_wconf 91' lang='lat' dir='ltr'><strong>non.</strong></span> <span class='ocrx_word' id='word_1_91' title='bbox 742 3101 908 3170; x_wconf 79' lang='lat' dir='ltr'><strong>consistit</strong></span> <span class='ocrx_word' id='word_1_92' title='bbox 926 3101 965 3168; x_wconf 92' lang='lat' dir='ltr'><strong>in</strong></span> <span class='ocrx_word' id='word_1_93' title='bbox 984 3100 1063 3194; x_wconf 84' lang='lat' dir='ltr'><strong>ipsa</strong></span> 
     </span>
     <span class='ocr_line' id='line_1_15' title="bbox 126 3202 1064 3330; baseline -0.006 -20"><span class='ocrx_word' id='word_1_94' title='bbox 126 3237 329 3312; x_wconf 82' lang='lat' dir='ltr'><strong>functione</strong></span> <span class='ocrx_word' id='word_1_95' title='bbox 345 3238 443 3324; x_wconf 84' lang='lat' dir='ltr'><strong>laesa,</strong></span> <span class='ocrx_word' id='word_1_96' title='bbox 467 3238 528 3308; x_wconf 84' lang='lat' dir='ltr'><strong>sed</strong></span> <span class='ocrx_word' id='word_1_97' title='bbox 551 3241 589 3308; x_wconf 90' lang='lat' dir='ltr'><strong>in</strong></span> <span class='ocrx_word' id='word_1_98' title='bbox 610 3251 705 3307; x_wconf 83' lang='lat' dir='ltr'><strong>statu</strong></span> <span class='ocrx_word' id='word_1_99' title='bbox 725 3236 889 3330; x_wconf 85' lang='lat' dir='ltr'><strong>eorporis</strong></span> <span class='ocrx_word' id='word_1_100' title='bbox 915 3202 1064 3304; x_wconf 77' lang='lat' dir='ltr'><strong>intorno</strong></span> 
     </span>
     <span class='ocr_line' id='line_1_16' title="bbox 131 3349 1064 3474; baseline -0.006 -26"><span class='ocrx_word' id='word_1_101' title='bbox 131 3378 306 3450; x_wconf 80' lang='lat' dir='ltr'><strong>abnormi</strong></span> <span class='ocrx_word' id='word_1_102' title='bbox 321 3431 330 3466; x_wconf 88' lang='lat'>‚</span> <span class='ocrx_word' id='word_1_103' title='bbox 360 3401 549 3474; x_wconf 87' lang='lat' dir='ltr'><strong>perquem</strong></span> <span class='ocrx_word' id='word_1_104' title='bbox 565 3349 661 3448; x_wconf 82' lang='lat' dir='ltr'><strong>notio</strong></span> <span class='ocrx_word' id='word_1_105' title='bbox 674 3370 849 3444; x_wconf 76' lang='lat' dir='ltr'><strong>normalis</strong></span> <span class='ocrx_word' id='word_1_106' title='bbox 860 3370 973 3467; x_wconf 83' lang='lat' dir='ltr'><strong>portis</strong></span> <span class='ocrx_word' id='word_1_107' title='bbox 987 3385 1064 3442; x_wconf 87' lang='lat' dir='ltr'><strong>tur·</strong></span> 
     </span>
     <span class='ocr_line' id='line_1_17' title="bbox 133 3509 1065 3611; baseline -0.011 -29"><span class='ocrx_word' id='word_1_108' title='bbox 133 3510 266 3598; x_wconf 84' lang='lat' dir='ltr'><strong>hatur,</strong></span> <span class='ocrx_word' id='word_1_109' title='bbox 285 3525 388 3609; x_wconf 87' lang='lat' dir='ltr'><strong>patet</strong></span> <span class='ocrx_word' id='word_1_110' title='bbox 402 3511 573 3600; x_wconf 80' lang='lat' dir='ltr'><strong>Asthma,</strong></span> <span class='ocrx_word' id='word_1_111' title='bbox 596 3509 837 3611; x_wconf 80' lang='lat' dir='ltr'><strong>Asphyxiam,</strong></span> <span class='ocrx_word' id='word_1_112' title='bbox 867 3518 1065 3602; x_wconf 67' lang='lat' dir='ltr'><strong>apnoeam,&#39;</strong></span> 
     </span>
     <span class='ocr_line' id='line_1_18' title="bbox 131 3641 1067 3748; baseline -0.012 -24"><span class='ocrx_word' id='word_1_113' title='bbox 131 3657 344 3742; x_wconf 74' lang='lat' dir='ltr'><strong>vomitum,</strong></span> <span class='ocrx_word' id='word_1_114' title='bbox 371 3653 592 3724; x_wconf 82' lang='lat' dir='ltr'><strong>diarrhoeom</strong></span> <span class='ocrx_word' id='word_1_115' title='bbox 617 3666 683 3722; x_wconf 88' lang='lat' dir='ltr'><strong>etc.</strong></span> <span class='ocrx_word' id='word_1_116' title='bbox 711 3648 860 3748; x_wconf 84' lang='lat' dir='ltr'><strong>proprie</strong></span> <span class='ocrx_word' id='word_1_117' title='bbox 886 3641 962 3714; x_wconf 86' lang='lat' dir='ltr'><strong>non</strong></span> <span class='ocrx_word' id='word_1_118' title='bbox 989 3667 1067 3715; x_wconf 81' lang='lat' dir='ltr'><strong>esso</strong></span> 
     </span>
     <span class='ocr_line' id='line_1_19' title="bbox 130 3761 1068 3886; baseline -0.011 -21"><span class='ocrx_word' id='word_1_119' title='bbox 130 3793 308 3884; x_wconf 78' lang='lat' dir='ltr'><strong>morbos,</strong></span> <span class='ocrx_word' id='word_1_120' title='bbox 328 3792 393 3868; x_wconf 86' lang='lat' dir='ltr'><strong>sed</strong></span> <span class='ocrx_word' id='word_1_121' title='bbox 407 3789 559 3867; x_wconf 82' lang='lat' dir='ltr'><strong>effectus</strong></span> <span class='ocrx_word' id='word_1_122' title='bbox 571 3789 786 3864; x_wconf 89' lang='lat' dir='ltr'><strong>morborum</strong></span> <span class='ocrx_word' id='word_1_123' title='bbox 797 3814 806 3880; x_wconf 81' lang='lat'>3</span> <span class='ocrx_word' id='word_1_124' title='bbox 818 3799 855 3860; x_wconf 82' lang='lat' dir='ltr'><strong>at</strong></span> <span class='ocrx_word' id='word_1_125' title='bbox 872 3761 1068 3886; x_wconf 60' lang='lat' dir='ltr'><strong>ususobt13</strong></span> 
     </span>
    </p>
   </div>
   <div class='ocr_carea' id='block_1_3' title="bbox 723 3925 919 4021">
    <p class='ocr_par' dir='ltr' id='par_1_3' title="bbox 723 3925 919 4021">
     <span class='ocr_line' id='line_1_20' title="bbox 723 3925 919 4021; baseline 0 -45"><span class='ocrx_word' id='word_1_126' title='bbox 723 3925 919 4021; x_wconf 65' lang='lat' dir='ltr'><strong>cij</strong></span> 
     </span>
    </p>
   </div>
   <div class='ocr_carea' id='block_1_4' title="bbox 0 0 1460 4940">
    <p class='ocr_par' dir='ltr' id='par_1_4' title="bbox 0 0 1460 4940">
     <span class='ocr_line' id='line_1_21' title="bbox 0 0 1460 4940; baseline 0 0"><span class='ocrx_word' id='word_1_127' title='bbox 0 0 1460 4940; x_wconf 95' lang='lat' dir='ltr'><strong> </strong></span> 
     </span>
    </p>
   </div>
  </div>
 </body>
</html>
