2926 4942
341 407 451 522 'ttvj
651 409 1035 491 mrsonuctto.

429 659 783 736 Differentiaeautem
799 661 1010 731 essentiales
1020 677 1069 726 cae
1078 650 1199 724 solum
1211 655 1313 743 sunt,

379 811 460 886 quae
474 781 665 870 essentiam
685 803 749 850 seu
767 777 930 848 indolem
949 790 985 846 et
1002 788 1173 845 naturam
1188 771 1313 843 morbi

379 936 539 1010 mutant,
550 920 617 990 etsi
628 918 744 1013 magis
758 916 928 1002 minusve
943 926 1207 986 momentaneae
1223 910 1311 981 sint.

425 1138 547 1214 Morbi
560 1147 684 1208 autem
701 1129 864 1204 indolem
881 1127 1069 1203 efficiunt:

429 1355 478 1414 1⁰.
504 1341 615 1412 Sedes
630 1358 692 1405 seu
706 1361 797 1429 pars
814 1332 968 1431 affecta,
990 1345 1175 1428 quatenus
1196 1347 1312 1404 struo*

378 1493 463 1554 tura
488 1477 676 1574 organica,
703 1474 883 1543 mixtione
910 1472 1096 1560 thomice,
1120 1488 1184 1543 aut
1206 1471 1312 1544 iunc-

380 1621 483 1690 tione
502 1640 523 1685 a
545 1639 582 1686 se
603 1609 737 1683 differt.
767 1611 874 1682 Sedes
893 1611 1014 1683 morbi
1034 1613 1177 1683 veroin
1201 1637 1312 1700 rene,

382 1780 488 1843 aure,
503 1753 561 1824 vel
581 1750 689 1822 oculo
707 1750 835 1821 dextro
854 1767 919 1821 aut
932 1753 1082 1823 sinistro
1096 1751 1311 1850 nequidem

379 1894 588 1968 varietatem
611 1891 835 1962 constituere
857 1904 988 1986 potest.

432 2120 484 2190 2⁰.
511 2117 681 2187 Potentia
708 2135 839 2183 nocens
868 2109 907 2180 in
934 2107 1055 2180 sedern
1080 2131 1211 2207 agens;
1237 2111 1314 2211 sive

381 2283 423 2332 ea
443 2256 617 2330 consistat
638 2253 677 2320 in
698 2249 849 2320 materia
866 2248 1011 2345 aliqua,
1027 2274 1094 2346 per
1111 2250 1205 2322 vires
1228 2249 1313 2358 che·

380 2399 504 2482 micas,
517 2392 684 2490 physicas
698 2403 762 2459 aut
777 2387 1007 2456 mechanicas
1019 2403 1164 2484 agente,
1181 2391 1255 2460 sive
1271 2391 1313 2462 in

382 2532 493 2604 meris
518 2525 681 2598 motibus
703 2539 769 2595 aut
796 2523 1076 2596 alterationibus
1103 2528 1141 2596 in
1166 2528 1316 2623 organis

382 2651 420 2738 et
447 2665 589 2739 viribus
609 2664 702 2736 vivis
725 2662 962 2734 moventibus
986 2675 1021 2734 et
1044 2662 1313 2750 sentientibus,

379 2831 446 2912 per
469 2806 564 2879 vires
582 2803 749 2898 Physicas
771 2801 901 2874 aliasve
931 2805 1103 2874 excitatis.
1128 2807 1170 2874 ln
1197 2801 1314 2900 desig·

382 2941 514 3012 nandis
535 2938 750 3010 morborum
773 2940 964 3036 speciebus
985 2965 1071 3037 crgo
1091 2938 1250 3028 sufficit,
1268 2955 1314 3011 ut

381 3080 523 3176 ubique
547 3081 673 3150 Setiam
702 3077 874 3173 affectam
895 3091 933 3147 et
955 3081 1166 3152 Potentiam
1184 3103 1311 3149 nocen-

381 3233 541 3312 tem,aut
553 3233 686 3289 statum
705 3218 840 3288 virium
856 3220 1021 3289 vivarum
1041 3221 1220 3316 corporis,
1239 3219 1314 3292 evi·

384 3359 557 3430 dentibus
584 3358 682 3430 uotis
703 3357 742 3426 in
768 3381 896 3427 sensus
923 3359 1192 3446 incurrentem,
1223 3383 1313 3428 cum

382 3493 506 3588 aliqua
528 3491 748 3566 certitudine
768 3492 1010 3568 determinare
1029 3496 1228 3591 possimus3
1243 3497 1314 3566 etsi

382 3631 536 3708 modum
550 3631 770 3722 aitcctiouis,
791 3636 1035 3732 intimamque
1049 3635 1128 3730 ejus
1140 3651 1312 3708 naturam

385 3801 463 3851 non
478 3797 621 3872 semper
635 3789 754 3850 exacte
769 3800 974 3848 noscamus.
985 3780 1037 3848 lta
1048 3799 1136 3849 vero
1147 3777 1310 3854 variante
