2808 4936
347 451 402 518 ομ
428 392 492 518 vi.
530 405 814 520 ranauora.
989 391 1058 522 5'65

122 611 197 658 sese
214 585 377 658 obsessos
394 611 469 660 esse
494 587 676 678 credunt,
703 604 740 661 et
764 589 809 660 de
827 603 992 688 tempore
1018 591 1058 658 in

125 724 273 804 tempus
302 706 449 782 furunt.
489 747 542 766 ·-
582 707 734 780 Morbus
771 710 980 809 praeprimis
1015 733 1059 778 ex

53 838 56 849 '
122 828 264 924 ingenii
289 827 563 916 imbecillitate,
588 853 761 924 perverso
786 845 852 900 aut
873 853 987 926 pravo
1001 854 1057 899 re-

121 946 397 1044 ligioniscultu,
408 948 741 1046 praedesti-nationis
751 949 843 1038 idea,
856 973 1054 1046 poenarum

1105 1017 1121 1048 Χ

120 1083 340 1140 aeternarum
361 1069 615 1166 dogmatibus,
631 1071 894 1166 superstitione
916 1071 1055 1166 ignara,

118 1186 275 1285 aliisque
286 1190 438 1286 ineptiis
448 1187 675 1260 credulitatis
688 1189 885 1282 oriundus,
895 1192 1055 1270 maxime

119 1303 301 1394 foeminis,
336 1306 457 1404 plebi,
491 1307 721 1406 pauperibus
748 1305 924 1398 infestus,
953 1309 1054 1386 unde

117 1426 443 1517 Doemonomauia,
460 1431 742 1501 Cacodoemonia
756 1425 869 1502 Auet.
882 1462 899 1517 ,·
911 1444 946 1500 et
962 1429 1052 1499 hinc

118 1547 228 1617 etiam
245 1545 435 1618 daemonia
447 1550 577 1643 ejicere
591 1549 688 1620 idern
710 1549 811 1651 apud
822 1547 999 1636 Haebraeos
1014 1566 1050 1621 et

125 1671 268 1739 Graecos
277 1667 487 1766 significat,
507 1695 549 1743 ao
567 1671 752 1746 maniacos
764 1693 905 1742 curare.

166 1850 228 1942 Sp.
257 1843 291 1916 3.
309 1847 483 1937 Athymia
498 1799 737 1918 'Pleoneetica
754 1847 941 1935 (Auara).

168 2025 315 2094 Insania
336 2025 470 2130 tristis,
492 2025 532 2094 in
550 2050 625 2122 qua
645 2026 731 2121 aegri
752 2050 796 2095 ex
809 2019 963 2120 jactura
977 1999 1052 2096 lor-

118 2157 236 2229 tunae‚
267 2140 303 2213 et
321 2168 406 2214 vera
419 2153 657 2242 paupertate,
691 2142 811 2214 velex
831 2158 934 2214 metu
949 2136 1049 2240 pauss

116 2265 268 2364 pertatis
294 2279 359 2335 aut
380 2265 530 2359 jacturae
555 2263 733 2353 fortunae,
756 2265 823 2333 etsi
854 2262 989 2359 opibus
1014 2277 1050 2354 et

117 2382 256 2454 divitiis
287 2383 536 2473 abundantes,
563 2384 634 2454 sibi
664 2385 935 2481 suisque'saepe
968 2407 1046 2466 uon
1118 2419 1120 2432 ·

116 2502 237 2574 solum
278 2503 493 2592 commoda,
536 2503 598 2574 sed
635 2505 745 2575 etiam
772 2504 972 2574 necessaria
1004 2500 1049 2572 ad

116 2623 228 2694 uitam
249 2621 443 2722 denegant.
839 2611 842 2620 ⁸

169 2807 232 2900 Sp.
262 2805 299 2890 4.
325 2779 793 2902 Athgmia·dympotbicu.·

160 2979 313 3048 Jnsauia
327 2981 441 3051 tristis
458 3006 502 3052 ex
514 2983 725 3079 sympathia
741 2971 825 3053 cum
843 2963 1001 3051 miseriis
1010 2995 1049 3049 ‘et
1152 3027 1154 3035 ι

116 3099 385 3173 calamitatibus
402 3103 560 3176 aliorum
584 3120 665 3180 orta
674 3160 685 3193 ‚
715 3127 807 3201 saepe
824 3103 871 3177 ad
885 3100 1048 3178 autocbie

114 3221 339 3319 nemusque
355 3220 506 3296 ducens.
1044 3219 1047 3224 ’

160 3401 222 3495 op.
253 3399 285 3471 s.
310 3402 692 3500 AthymiaAaonua..
822 3353 826 3360 ’

166 3581 317 3652 lusania
331 3584 465 3672 tristis,
493 3585 533 3656 in
553 3609 627 3682 qua
645 3583 731 3680 aegri
755 3580 882 3656 locum
897 3601 1058 3652 morere,

112 3714 301 3788 recusant3
330 3727 404 3773 nec
427 3704 540 3773 situm
568 3717 718 3802 mutant
738 3700 812 3772 nisi
830 3700 967 3786 eoacti,
995 3697 1046 3768 se-

112 3817 240 3894 dentes
256 3837 325 3896 aut
347 3823 508 3920 jacentes
533 3849 610 3897 non
634 3847 803 3922 surgere,
825 3820 884 3892 vel
912 3833 1050 3894 stantes
1118 3887 1126 3893 ..

771 3933 902 4011 ’Νῐι3
