2900 4942
388 449 431 528 o'.
455 458 482 530 1.
519 459 724 528 ananan
971 449 1017 536 33

143 621 176 668 ι
190 597 284 668 Cum
300 595 445 693 ingenti
459 597 597 670 virium
611 599 866 696 prostratione.

143 719 178 806 β.
191 721 286 789 Cum
300 737 461 814 syncope
471 739 515 788 ex
526 715 597 788 levi
610 730 727 788 motu.

144 865 175 930 γ.
189 839 284 906 Cum
303 833 498 934 cataphom
519 835 725 926 (cantica,
750 849 953 928 comatosa,
972 835 1020 910 le⁴

98 949 294 1052 thargica.)

145 1071 177 1143 δ.
192 1072 289 1141 Cum
302 1063 484 1166 catalepai.

150 1217 178 1258 ε.
191 1190 288 1258 Cum
303 1185 505 1286 apoplexia.

144 1315 176 1391 ζ.
194 1309 290 1378 Cum
306 1302 475 1404 paialyoi.

147 1507 216 1605 sp.
233 1530 267 1602 7.
283 1502 466 1602 Helopyra
483 1499 731 1602 Algemntica.

85 1705 92 1712 '
146 1703 333 1804 Helopyra
352 1701 479 1778 dolore
500 1719 566 1778 aut
588 1707 794 1779 sensatione
808 1705 949 1806 ingrata
965 1713 1026 1784 ati·

97 1829 196 1926 pata.

145 2019 180 2060 α.
197 1989 293 2057 Cum
311 2007 471 2059 onesmo.

145 2110 182 2200 β.
197 2109 294 2178 Cum
308 2103 456 2195 alysmo.
473 2105 554 2193 (Gr.
566 2106 735 2196 ἄσσώῠης.)

128 2257 185 2322 .γ.
200 2229 296 2297 Cum
320 2225 462 2322 rigore,
484 2245 548 2294 seu
579 2247 713 2321 magno
737 2221 882 2324 frigoris
900 2225 1026 2326 gradu.

99 2342 369 2422 annnAuci.
380 2347 528 2416 Anotna.
542 2343 658 2418 Torti.
674 2347 758 2434 (Gr.
771 2349 891 2428 ἠπίαλος
907 2355 1029 2447 πυρετὸς

99 2462 330 2564 *·φραώθης)·
611 2461 619 2476 “

151 2585 181 2655 δ.
199 2584 295 2653 Cum
316 2575 444 2651 ardore
466 2577 700 2652 intolerabili.
728 2578 857 2652 Febris
885 2581 1028 2658 ardens.

100 2697 244 2798 Anat(
259 2700 322 2772 Gr.
336 2705 446 2776 καῦσος
469 2723 499 2771 a·
513 2706 651 2795 nvpmtin
666 2704 822 2796 πυρετός).

157 2851 184 2893 ε.
203 2823 299 2892 Cum
311 2813 455 2888 defectu
463 2815 593 2890 caloris
603 2819 643 2889 in
650 2819 941 2892 extremitatibus
953 2845 1031 2920 par-

101 2940 284 3037 tibus'que
298 2937 474 3027 externis,
488 2951 525 3008 et
532 2938 738 3010 sensatione
753 2937 882 3012 caloris
893 2940 1032 3012 intensi

102 3063 145 3134 in
164 3055 336 3160 partibus
349 3055 588 3129 interioribus
604 3059 776 3156 corpori&

154 3234 321 3338 Lipyria.
341 3233 451 3308 Auci.
472 3233 557 3325 (Gr.
575 3236 750 3330 Λειπυρία.)

155 3409 186 3482 ζ.
200 3401 297 3470 Cum
312 3391 550 3492 kephalalgia.

157 3549 187 3600 η.
201 3518 297 3588 Cum
311 3511 551 3612 ophthalmia.

156 3643 194 3710 3.
204 3641 301 3709 Cum
314 3631 534 3732 gasteralgia.

155 3757 183 3830 ιζ
195 3757 294 3826 Cum
311 3749 518 3846 entemlgia.

186 3899 218 3946 1.
