2804 4940
396 444 469 531 460
519 443 589 516 ct.
602 443 664 512 ΙΙΙ.
677 441 1192 516 susanam-aunum

397 580 511 656 simul
534 579 833 679 imaginationis,
863 581 1071 668 memoriae,
1100 579 1320 673 aliarumque

398 700 615 774 facultatum
638 697 1318 789 intellectualium'cxaltatio,seuener·

397 825 474 918 gia,
492 821 718 893 sensationes
727 825 901 892 *erroneae
915 875 926 909 ,
939 822 1145 918 agrypuia,
1160 815 1221 894 rel
1233 847 1320 896 som·

398 966 472 1014 nus
489 943 697 1039 inquietus,
713 941 870 1013 somniis
882 941 1054 1014 turbatus
1066 941 1317 1018 obser-rantur:
1382 923 1383 944 Χ

398 1061 634 1158 Quandoque
645 1062 755 1132 etiam
769 1077 944 1132 cnesmus
958 1064 997 1132 in
1007 1076 1112 1158 parte
1124 1059 1320 1138 affectaori·

355 1203 358 1209 ·
398 1182 514 1253 turad
522 1180 731 1254 frictionem
742 1179 977 1271 alliciansuel
987 1184 1319 1266 sisensibilitasma·

394 1303 455 1398 jor
463 1315 527 1388 est,
541 1301 659 1372 tactus
670 1300 920 1389 intolerantia,
932 1303 1009 1373 imo
1018 1318 1142 1376 metus
1152 1329 1201 1378 ne
1210 1321 1320 1405 tanga-

396 1437 481 1511 tur;
497 1421 599 1492 unde
609 1407 790 1517 jactitatio
801 1421 968 1519 corporis
979 1437 1170 1513 constans,
1187 1443 1253 1498 aut
1267 1427 1321 1498 dc-

349 1581 351 1584 ·
396 1530 574 1612 siderium
593 1539 707 1609 situm
729 1539 809 1652 ejps
826 1531 1041 1636 frdquenter
1060 1544 1250 1616 mutandi.
1266 1551 1323 1616 Re-

396 1659 569 1728 mittente
584 1657 642 1730 vel
655 1656 830 1729 exhausta
846 1657 1107 1750 sensibilitate,
1122 1689 1197 1762 pro
1219 1667 1322 1764 gradu

396 1777 686 1876 hyperaesthesiac
697 1803 915 1876 praegressas,
937 1783 1109 1878 seqnitur
1127 1783 1324 1873 lassitudo,

346 1939 352 1943 -
396 1897 576 1994 languor,
593 1896 830 1986 anaesthesia,
848 1897 1094 1989 anerethisia,
1116 1881 1256 2000 pulsus
1274 1907 1323 1976 de

396 2014 505 2105 bilis,
529 2038 710 2114 syncope,
741 2031 898 2114 stupor,
917 2014 975 2088 'vel
992 2021 1102 2092 etiam
1124 2046 1170 2094 ex
1209 2024 1324 2100 dolore

396 2127 560 2206 violento
578 2135 794 2232 praegresso,
813 2123 1002 2234 paralysis.

445 2255 738 2328 Modificationes
753 2254 1006 2330 sensationum
1024 2263 1261 2360 ingratarum
1274 2265 1323 2338 ab

395 2377 587 2445 normium
613 2390 724 2446 sunt:
745 2379 909 2448 Sensatio
926 2381 1126 2474 pressionis
1142 2437 1151 2472 ,
1170 2387 1325 2480 gravita-

388 2497 461 2580 -tis,
477 2497 637 2582 cnesmi,
655 2493 817 2585 ardoris,
833 2499 1032 2592 tensionis,
1046 2503 1265 2597 tractionis,
1279 2531 1325 2576 ro

395 2616 527 2704 sionis,
545 2621 617 2686 aut*
627 2616 766 2699 doloris
779 2619 883 2688 varii.
903 2685 907 2698 ,

445 2813 483 2886 V
484 2835 618 2885 AutAr
626 2839 696 2909 pro
711 2841 829 2886 causo
846 2829 985 2887 remoto
1002 2848 1012 2883 :

391 3023 422 3070 a.
451 2993 481 3061 Α
506 3005 691 3062 structura
722 3015 924 3069 nervorum
943 2991 1148 3090 peculiari,
1167 3011 1324 3072 connata

439 3110 498 3183 vel
514 3108 753 3184 haereditaria.

390 3231 421 3318 β.
450 3228 507 3300 Ab
523 3213 742 3305 educatione
759 3229 889 3319 molli,
907 3227 1143 3302 efloeminata.

391 3379 420 3444 y.
448 3356 474 3420 A
496 3351 569 3420 vita
598 3353 737 3438 otiosa,
768 3347 909 3426 lectura
933 3348 1114 3448 habituali
1139 3347 1324 3426 librorum

444 3463 776 3566 phantasticorum,
803 3475 805 3482 ’
1161 3461 1166 3470 ’

390 3590 417 3676 ἃ,
445 3575 647 3676 Astimulo
668 3591 776 3664 solito
792 3565 948 3688 fortiore
963 3563 1174 3692 applicato..

390 3739 414 3786 r.
445 3706 501 3782 Ab
519 3707 808 3806 hypererethisia
825 3711 947 3792 febrili
965 3709 1022 3790 vel
1039 3710 1227 3791 chronica.

389 3839 418 3920 ξ.
445 3832 473 3900 Α
491 3829 732 3904 circulatione
748 3833 943 3930 sanguinis
958 3844 1077 3906 aucta.
1101 3882 1107 3892 ι
