2926 4942
345 409 368 486 8
597 410 671 480 CL.
696 407 724 475 1.
765 395 1023 494 eruum,

344 549 492 638 tenuis,
517 546 692 645 limpida3
715 543 819 618 alvus
839 544 1005 636 astricta3
1033 545 1129 626 cutis
1160 547 1275 634 sicca,

345 685 468 757 tensa,
485 663 653 765 inrugat
664 664 1006 754 contracta,coloris
1019 661 1276 753 fuscementis,

343 785 472 860 luridi.
491 783 573 858 Haec
585 787 712 857 omnia
724 809 828 882 aeque
842 809 884 856 ac
891 785 1031 883 priora,
1043 782 1113 856 sub
1127 801 1170 854 n⁰
1188 788 1278 870 [pres

343 906 483 995 censita
497 917 760 1002 symptomata,
772 904 977 1000 praeprimis
988 926 1010 973 a
1024 903 1278 973 contractione

343 1023 517 1108 vasorum
533 1025 725 1094 minorum
749 1023 790 1093 in
805 1037 880 1098 tota
900 1022 1065 1118 corporis
1080 1018 1278 1117 superficie

342 1157 382 1214 et
406 1141 453 1212 ab
471 1139 767 1212 accumulatione
795 1137 999 1212 fluidorum
1025 1140 1066 1210 in
1092 1139 1186 1210 vasis
1203 1160 1279 1208 ma-¹

344 1260 491 1356 juribus
512 1261 669 1330 internis
686 1257 908 1357 dependent.

387 1377 431 1450 .6.
447 1383 603 1476 Lingua
614 1402 725 1450 muco
733 1377 945 1475 glutinoso,
961 1377 1020 1449 vel
1036 1377 1158 1449 crusta
1173 1373 1279 1468 alba,

345 1498 461 1586 flava,
478 1513 543 1569 ant
559 1496 661 1570 fusca
679 1495 840 1569 obducta
856 1525 864 1568 :
880 1502 975 1569 Cum
988 1497 1058 1570 hac
1073 1523 1167 1598 sape
1178 1497 1280 1570 adest

345 1619 541 1705 anomia,
559 1640 713 1706 nausea,
728 1613 786 1687 vel
803 1619 976 1688 vomitus.

355 1737 376 1786 ι’
399 1763 431 1834 7.
444 1735 685 1811 Deliciumin
700 1734 828 1808 multis
839 1734 1005 1808 febribus
1016 1759 1102 1808 mox
1112 1734 1158 1807 ab
1170 1738 1281 1811 initio

345 1857 505 1946 aceedit,
519 1855 582 1928 sed
599 1856 748 1928 diversae
761 1857 919 1928 omnino
932 1870 1083 1928 naturae.
1095 1856 1279 1956 Delirium

343 1993 384 2050 ct
399 1975 700 2075 kephalalgia,’in
720 1977 837 2049 stadio
855 1973 1001 2076 frigoris
1009 2001 1197 2076 ‚apparens
1208 2031 1219 2066 ,
1231 1977 1280 2052 ab

347 2093 618 2190 integumentis
643 2095 773 2191 capitis
797 2094 957 2166 externis
984 2109 1049 2166 aut
1070 2095 1279 2194 perieranio

345 2210 426 2286 eolo
443 2209 607 2301 affectis,
633 2237 677 2285 ex
700 2217 951 2286 contractione
965 2239 1137 2289 vasorum
1155 2218 1280 2288 mium

345 2353 434 2403 rum
452 2333 542 2404 oriri
553 2331 744 2422 videntur,
755 2333 818 2404 sed
835 2333 1026 2423 delirium,
1041 2335 1081 2404 in
1095 2333 1212 2405 stadio
1225 2357 1280 2404 ca·

346 2450 438 2523 loris
454 2450 630 2523 accedens
640 2466 771 2522 etcum
789 2475 898 2524 sensu
909 2453 1015 2550 quasi
1028 2451 1169 2525 cerebri
1181 2475 1280 2524 com·

345 2573 464 2670 pressi
476 2571 671 2666 junctum,
688 2595 709 2642 a
724 2571 939 2643 dilatatione
946 2594 1118 2644 vasorum
1131 2586 1167 2643 et
1181 2593 1281 2643 com·

323 2688 536 2790 ¹pressione
558 2687 730 2779 cerebri,
768 2713 835 2787 per
860 2692 937 2762 vim
965 2689 1085 2762 cordis
1111 2705 1281 2779 auctam,

315 2880 321 2887 ,
346 2804 556 2902 dependere
571 2808 697 2903 potius
716 2806 874 2880 videtur.
891 2813 934 2878 In
948 2809 1083 2905 priori,
1101 2806 1209 2878 dolor
1223 2830 1282 2878 ca·

307 2968 315 2984 =
344 2925 461 3023 pitis,
480 2925 547 2998 etri
561 2950 653 3023 saepe
673 2928 789 3024 magis
804 2926 1011 3019 violentus,
1029 2941 1219 3014 externum
1237 2927 1278 2996 iu

343 3044 549 3142 posteriore
571 3068 658 3116 vero
674 3047 844 3118 internus
864 3059 938 3133 est,
966 3068 1053 3116 curn
1074 3068 1184 3116 sensu
1202 3043 1280 3115 dis-

344 3165 525 3236 tentionis
538 3163 698 3254 cerebri,
715 3168 927 3265 saepeetiam
943 3189 1029 3236 cum
1046 3180 1197 3265 stupore
1212 3180 1280 3238 aut

345 3282 605 3357 immobilitate
619 3283 815 3357 oculorum
826 3285 992 3380 junctus.

391 3407 476 3474 Haec
500 3418 764 3501 symptomata,
789 3428 877 3476 mox
901 3418 1140 3490 enumerata,
1167 3401 1277 3500 plura

343 3515 402 3598 vel
420 3520 596 3616 pauciora
619 3519 760 3592 febrem
781 3523 1039 3607 constituunt3
1063 3544 1141 3617 quo
1160 3523 1277 3618 magis

344 3659 543 3710 numerosa
553 3689 564 3726 ,
575 3651 612 3708 et
624 3662 702 3734 quo
716 3640 830 3736 magis
842 3638 1002 3710 violenta
1015 3636 1277 3730 observantur,

343 3777 388 3852 tu
406 3755 447 3829 in
468 3777 603 3856 genere
623 3752 735 3832 febris
757 3757 1011 3852 vehementior
1022 3768 1085 3844 est,
