2808 4936
377 427 446 502 tsi
503 379 1188 503 cL.111.DYsERETH.ETDYsAEsT.

424 631 487 726 Sp.
518 653 548 699 1.
570 624 808 698 Erotomania
826 625 1090 699 Phantastica.

421 805 559 878 Mentis
574 802 749 878 alienatio
764 825 809 872 ex·
826 797 971 898 objecto
997 804 1077 876 viso
1099 801 1160 874 vel
1187 805 1303 904 imagi-

371 927 498 1015 narie,
527 923 814 1024 pulchritudine
832 948 898 994 sua
922 926 1230 1021 imaginationem
1256 929 1304 998 in·

371 1063 475 1118 tense
498 1045 566 1118 diu
598 1041 790 1142 noctuque
815 1059 1056 1144 occupantes
1074 1069 1153 1116 non
1171 1071 1255 1120 raro
1265 1048 1304 1118 ad

369 1166 625 1240 autochoriam
639 1162 750 1237 velad
762 1162 967 1237 vindictam
981 1181 1142 1238 atrocem
1158 1165 1302 1241 ducens.

368 1287 467 1382 AEgri
481 1282 670 1380 objectum
685 1309 796 1356 suum
808 1299 974 1356 amatum
989 1311 1060 1382 pro
1078 1287 1242 1357 numine
1253 1313 1303 1358 ve

368 1393 573 1494 ner'antur,
604 1403 783 1476 omnibus
796 1405 877 1501 ejus
900 1397 1059 1476 nutibus
1081 1406 1305 1503 imaginariis

368 1522 587 1624 obsequiosi
599 1541 636 1597 et
653 1521 759 1624 quasi
784 1525 931 1616 devoti,
951 1525 1066 1599 vltam
1092 1528 1132 1598 in
1153 1527 1236 1626 ejus
1251 1527 1305 1599 ad-

367 1649 567 1720 miratione
581 1645 835 1736 eonsu'munu
868 1647 948 1743 ejus
966 1646 1132 1723 absentia
1154 1650 1305 1720 contris

366 1772 452 1861 toti,
472 1767 894 1869 prasentiaexhtlarati,
918 1785 1010 1868 saepe
1028 1784 1156 1844 noctes
1176 1770 1305 1844 insom-

365 1916 431 1963 nes
451 1905 594 1989 agunt,
628 1889 805 1964 alimenta
827 1915 974 1964 sumere
997 1889 1222 1988 negligunt,
1247 1915 1306 1964 ne·

360 2013 464 2107 gotia
488 2033 554 2081 sua
579 2009 685 2106 parvi
709 2006 865 2082 faciunt.
1054 2010 1056 2013 ’

411 2194 466 2267 Α.
493 2189 847 2269 Sentimenuttove.

415 2315 460 2383 G.
488 2311 633 2381 Amour
650 2311 900 2384 sentimental.

417 2436 482 2504 Ge.
493 2425 807 2521 Liebtrttumerey.

410 2637 472 2726 Sp.
501 2656 534 2700 2.
561 2591 798 2699 Erotomania
815 2633 1001 2728 Physica.
1048 2591 1051 2600 Ι

410 2828 547 2898 Mentis
558 2824 733 2897 alienatio
744 2828 920 2898 chronica
930 2851 1017 2899 cum
1027 2827 1172 2900 effreno
1181 2831 1312 2906 coitus

357 2948 554 3042 desiderio.
573 2947 727 3024 Morbus
745 2950 965 3046 utriusque,
982 2949 1045 3020 sed
1062 2949 1312 3050 frequentius

349 3057 541 3168 sequioris
557 3091 683 3171 sexus,
698 3093 791 3173 saepe
809 3093 896 3142 curn
913 3067 1058 3168 ingenti
1073 3069 1311 3167 genitalium

355 3191 509 3290 pruritu
518 3169 576 3260 vel
592 3186 719 3260 dolore
729 3190 905 3284 junctus,
924 3191 974 3261 ita
994 3185 1037 3260 ut
1055 3189 1198 3260 mulier
1215 3195 1310 3265 assi-

358 3307 433 3384 due
453 3327 590 3382 manus
610 3296 663 3380 tis
682 3307 895 3406 admoveat)
923 3323 1044 3410 ¹atque
1067 3284 1314 3406 intolerabili

357 3434 504 3504 teneris
522 3429 706 3502 desiderio
726 3428 984 3520 contabescat3
1009 3427 1235 3529 frequenter
1258 3435 1316 3508 si-

356 3533 439 3622 mul
456 3551 666 3623 exoretione
683 3550 855 3630 humoris
868 3552 964 3624 acris
982 3575 1025 3622 ao
1044 3551 1235 3624 mordacis
1260 3579 1315 3625 ex

353 3666 763 3771 genitalibusstipa‘tus.
784 3673 877 3746 Vide
894 3661 1005 3746 etiam
1021 3677 1063 3746 0.
1081 3675 1316 3774 Dysgenne·

355 3793 438 3880 siae,
456 3791 499 3861 G.
515 3792 765 3887 Machlosyne
780 3807 816 3864 et
831 3797 882 3867 H
872 3795 1124 3892 yperor'gnsis.
