2908 4938
272 501 274 514 ,
367 415 434 518 172⁴
567 419 686 488 uL
714 418 741 486 1
775 403 1042 500 rrnnxrffi„

362 593 589 684 chrss'
585 561 884 747 anrrttia.
955 591 1039 636 '''·
1047 624 1068 636 ··
1180 559 1183 566 ’

298 881 300 884 ,
419 791 604 904 Pyrcxra
616 792 871 906 plerumque
883 787 1257 900 asthenrca,cum
1227 821 1294 874 an

360 922 516 1006 xictate
523 921 764 1038 ,tfrequen
753 957 767 1008 1
783 921 985 1036 suspirio,
1001 922 1156 1007 sudore
1174 890 1290 1005 olido

364 1068 406 1137 et
422 1055 726 1166 punctionibus
746 1055 864 1142 cutis.
883 1035 1051 1138 Incerto
1063 1052 1203 1137 morbi
1221 1051 1292 1135 die

316 1199 318 1206 ’
363 1187 639 1276 οὺιῐιτειιᾱοιο
657 1191 704 1272 in
722 1205 807 1273 tota
836 1185 1293 1301 corporissuperfi'cie,

361 1311 468 1402 facie
499 1335 701 1432 excepta,
737 1337 981 1433 erumpunt
998 1317 1164 1432 papulas
1187 1315 1293 1402 albae

362 1445 435 1532 vol
455 1449 597 1536 rubroe
611 1453 801 1564 exiguas,
821 1454 953 1536 instar
979 1449 1194 1538 seminum
1220 1449 1294 1532 mis

299 1653 302 1668 .
361 1578 407 1662 lii
415 1627 429 1682 ‚-
453 1581 663 1688 discrotoe,
685 1583 1293 1698 quaescoundopostfleruptio-

361 1742 464 1800 nem
476 1715 546 1801 die
561 1718 770 1803 vesiculas
788 1716 971 1802 humore
985 1717 1191 1802 albicante
1205 1718 1292 1830 pel·

360 1839 504 1930 lucido
523 1846 685 1959 ‚plenas
718 1847 942 1952 formant,
978 1863 1073 1963 post
1107 1847 1293 1932 biduum

364 1990 437 2058 aut
463 1977 655 2064 triduum
682 1998 832 2093 sponte
850 1997 1098 2092 rumpentes
1126 1997 1169 2066 et
1188 1980 1293 2064 dein

364 2109 447 2192 cito
479 2110 861 2228 desquammantes.
895 2110 1078 2197 Morbus
1108 2112 1292 2223 utpluri-

361 2267 483 2324 mum
499 2245 851 2357 symptomaticus
865 2307 878 2351 ,
893 2244 1107 2357 praecipuo
1119 2271 1175 2325 ex
1190 2243 1293 2356 regi-

362 2371 480 2456 mine
500 2374 636 2459 calido
657 2373 887 2461 sudorifioo
906 2390 1046 2478 ortus,
1067 2403 1292 2488 nunquam
1332 2425 1335 2432 ⁴

365 2507 631 2617 contagiosus
648 2506 896 2594 observatus
917 2503 1022 2609 fuit,
1052 2505 1193 2590 forsan
1218 2538 1293 2590 an-

362 2634 489 2748 tiquis
503 2639 589 2748 jam
604 2640 796 2752 cognitus
811 2642 891 2748 (*),
907 2631 980 2723 sed
997 2639 1138 2723 medio
1151 2640 1294 2725 saeculi

362 2795 464 2851 xvir
480 2768 526 2852 in
541 2770 758 2855 Saxoniaa
776 2773 855 2860 W
850 2770 1009 2860 elsclrio
1024 2769 1165 2885 primo
1180 2766 1293 2857 claro

362 2899 621 3017 descriptus,
639 2903 864 3019 Puerperis
886 2891 1085 3022 frequcus
1106 2936 1205 2996 cum
1230 2937 1294 2992 su·

400 3169 451 3248 (⁴⁸)
471 3171 521 3230 Αιι
534 3173 649 3234 Hidros
670 3168 785 3258 (idpoa,
798 3177 858 3256 gr.)
877 3174 1004 3234 miliaria
1023 3181 1190 3239 nostratum
1208 3175 1290 3251 sint,

361 3269 542 3332 doctioribus
557 3267 779 3348 dijudicandum
797 3259 946 3352 relinquo.
962 3273 1080 3352 Papulae
1096 3273 1294 3352 crystallinas,

360 3391 413 3430 seu
430 3366 546 3432 Hidros
560 3363 657 3451 Happ.
671 3371 704 3430 in
716 3371 892 3451 genitalibus
907 3381 1111 3452 erumpentes,
1125 3381 1203 3430 certe
1217 3373 1296 3430 nibil

360 3490 430 3529 cum
443 3471 546 3535 morbo
559 3481 662 3532 nostro
674 3470 974 3544 commaculabant,
990 3470 1027 3529 ab
1040 3469 1165 3530 humore
1177 3471 1239 3532 scri
1254 3491 1295 3534 ex

360 3585 454 3627 massa
465 3565 628 3630 humorum
638 3567 786 3650 deposito
797 3570 846 3629 vel
864 3571 901 3630 ab
911 3590 972 3628 acri
982 3589 1160 3648 quocunque
1171 3578 1293 3630 externe

361 3662 536 3751 genitalibus
545 3664 709 3748 applicato,
720 3678 750 3730 et
762 3667 850 3732 hodie
862 3669 1041 3754 saepeaviru
1052 3653 1223 3816 sypbilitico
1237 3669 1292 3760 ads

359 3763 509 3844 haerente,
529 3768 667 3830 orientes.
