<?xml version="1.0" encoding="UTF-8"?>
<!DOCTYPE html PUBLIC "-//W3C//DTD XHTML 1.0 Transitional//EN"
    "http://www.w3.org/TR/xhtml1/DTD/xhtml1-transitional.dtd">
<html xmlns="http://www.w3.org/1999/xhtml" xml:lang="en" lang="en">
 <head>
  <title>
</title>
<meta http-equiv="Content-Type" content="text/html;charset=utf-8" />
  <meta name='ocr-system' content='tesseract 3.04.00' />
  <meta name='ocr-capabilities' content='ocr_page ocr_carea ocr_par ocr_line ocrx_word'/>
</head>
<body>
  <div class='ocr_page' id='page_1' title='image "./novumnosologiae00swedgoog_0625.png"; bbox 0 0 2808 4936; ppageno 0'>
   <div class='ocr_carea' id='block_1_1' title="bbox 383 485 1196 586">
    <p class='ocr_par' dir='ltr' id='par_1_1' title="bbox 383 485 1196 586">
     <span class='ocr_line' id='line_1_1' title="bbox 383 485 1196 586; baseline -0.011 -13"><span class='ocrx_word' id='word_1_1' title='bbox 383 495 453 586; x_wconf 70' lang='lat'>564</span> <span class='ocrx_word' id='word_1_2' title='bbox 503 485 1196 580; x_wconf 59' lang='lat' dir='ltr'>enn1ansnnnrnarnrsasr.</span> 
     </span>
    </p>
   </div>
   <div class='ocr_carea' id='block_1_2' title="bbox 433 691 1035 794">
    <p class='ocr_par' dir='ltr' id='par_1_2' title="bbox 433 691 1035 794">
     <span class='ocr_line' id='line_1_2' title="bbox 433 691 1035 794; baseline 0.002 -31"><span class='ocrx_word' id='word_1_3' title='bbox 433 703 495 794; x_wconf 84' lang='lat' dir='ltr'>Sp.</span> <span class='ocrx_word' id='word_1_4' title='bbox 528 719 556 763; x_wconf 92' lang='lat'>1.</span> <span class='ocrx_word' id='word_1_5' title='bbox 583 692 755 782; x_wconf 86' lang='lat' dir='ltr'>Athymia</span> <span class='ocrx_word' id='word_1_6' title='bbox 772 691 1035 764; x_wconf 73' lang='lat' dir='ltr'>Phaniasiiea.</span> 
     </span>
    </p>
   </div>
   <div class='ocr_carea' id='block_1_3' title="bbox 328 865 1324 1922">
    <p class='ocr_par' dir='ltr' id='par_1_3' title="bbox 328 865 1324 1922">
     <span class='ocr_line' id='line_1_3' title="bbox 428 865 1323 966; baseline -0.003 -25"><span class='ocrx_word' id='word_1_7' title='bbox 428 867 575 940; x_wconf 85' lang='lat' dir='ltr'>Insania</span> <span class='ocrx_word' id='word_1_8' title='bbox 585 868 711 954; x_wconf 87' lang='lat' dir='ltr'>tristis,</span> <span class='ocrx_word' id='word_1_9' title='bbox 727 865 767 935; x_wconf 90' lang='lat' dir='ltr'>in</span> <span class='ocrx_word' id='word_1_10' title='bbox 780 889 855 962; x_wconf 87' lang='lat' dir='ltr'>qua</span> <span class='ocrx_word' id='word_1_11' title='bbox 870 867 956 963; x_wconf 86' lang='lat' dir='ltr'>aegri</span> <span class='ocrx_word' id='word_1_12' title='bbox 970 877 1157 964; x_wconf 86' lang='lat' dir='ltr'>perpetuo</span> <span class='ocrx_word' id='word_1_13' title='bbox 1170 883 1210 939; x_wconf 86' lang='lat' dir='ltr'>et</span> <span class='ocrx_word' id='word_1_14' title='bbox 1221 869 1323 966; x_wconf 81' lang='lat' dir='ltr'>gravi</span> 
     </span>
     <span class='ocr_line' id='line_1_4' title="bbox 380 979 1324 1084; baseline -0.003 -21"><span class='ocrx_word' id='word_1_15' title='bbox 380 997 475 1064; x_wconf 81' lang='lat' dir='ltr'>&#39;circa</span> <span class='ocrx_word' id='word_1_16' title='bbox 487 979 740 1060; x_wconf 85' lang='lat' dir='ltr'>valetudinem</span> <span class='ocrx_word' id='word_1_17' title='bbox 754 1007 859 1058; x_wconf 86' lang='lat' dir='ltr'>suam</span> <span class='ocrx_word' id='word_1_18' title='bbox 873 1011 1011 1084; x_wconf 82' lang='lat' dir='ltr'>angore</span> <span class='ocrx_word' id='word_1_19' title='bbox 1024 1003 1231 1080; x_wconf 81' lang='lat' dir='ltr'>vexantur3</span> <span class='ocrx_word' id='word_1_20' title='bbox 1248 1013 1324 1061; x_wconf 86' lang='lat' dir='ltr'>sese</span> 
     </span>
     <span class='ocr_line' id='line_1_5' title="bbox 379 1105 1324 1210; baseline -0.002 -28"><span class='ocrx_word' id='word_1_21' title='bbox 379 1115 420 1184; x_wconf 89' lang='lat' dir='ltr'>in</span> <span class='ocrx_word' id='word_1_22' title='bbox 434 1108 602 1210; x_wconf 88' lang='lat' dir='ltr'>periculo</span> <span class='ocrx_word' id='word_1_23' title='bbox 614 1109 744 1180; x_wconf 87' lang='lat' dir='ltr'>mortis</span> <span class='ocrx_word' id='word_1_24' title='bbox 764 1129 861 1208; x_wconf 76' lang='lat' dir='ltr'>esse,</span> <span class='ocrx_word' id='word_1_25' title='bbox 887 1105 946 1178; x_wconf 86' lang='lat' dir='ltr'>vel</span> <span class='ocrx_word' id='word_1_26' title='bbox 967 1133 1047 1180; x_wconf 90' lang='lat' dir='ltr'>uno</span> <span class='ocrx_word' id='word_1_27' title='bbox 1059 1123 1125 1179; x_wconf 87' lang='lat' dir='ltr'>aut</span> <span class='ocrx_word' id='word_1_28' title='bbox 1142 1107 1324 1206; x_wconf 89' lang='lat' dir='ltr'>pluribus</span> 
     </span>
     <span class='ocr_line' id='line_1_6' title="bbox 328 1225 1322 1326; baseline -0.001 -24"><span class='ocrx_word' id='word_1_29' title='bbox 328 1246 332 1254; x_wconf 90' lang='lat'><em>&#39;</em></span> <span class='ocrx_word' id='word_1_30' title='bbox 380 1229 521 1302; x_wconf 90' lang='lat' dir='ltr'>morbis</span> <span class='ocrx_word' id='word_1_31' title='bbox 536 1227 708 1326; x_wconf 85' lang='lat' dir='ltr'>gravibus</span> <span class='ocrx_word' id='word_1_32' title='bbox 728 1240 764 1298; x_wconf 86' lang='lat' dir='ltr'>et</span> <span class='ocrx_word' id='word_1_33' title='bbox 778 1225 1050 1299; x_wconf 84' lang='lat' dir='ltr'>insanabilibus</span> <span class='ocrx_word' id='word_1_34' title='bbox 1062 1227 1236 1301; x_wconf 89' lang='lat' dir='ltr'>laborare</span> <span class='ocrx_word' id='word_1_35' title='bbox 1249 1255 1322 1300; x_wconf 88' lang='lat' dir='ltr'>cre·</span> 
     </span>
     <span class='ocr_line' id='line_1_7' title="bbox 383 1344 1324 1444; baseline -0.002 -25"><span class='ocrx_word' id='word_1_36' title='bbox 383 1349 499 1438; x_wconf 85' lang='lat' dir='ltr'>dunt,</span> <span class='ocrx_word' id='word_1_37' title='bbox 527 1346 667 1444; x_wconf 92' lang='lat' dir='ltr'>quibus</span> <span class='ocrx_word' id='word_1_38' title='bbox 685 1369 809 1418; x_wconf 88' lang='lat' dir='ltr'>revera</span> <span class='ocrx_word' id='word_1_39' title='bbox 833 1371 910 1416; x_wconf 89' lang='lat' dir='ltr'>non</span> <span class='ocrx_word' id='word_1_40' title='bbox 927 1344 1116 1442; x_wconf 86' lang='lat' dir='ltr'>laborant,</span> <span class='ocrx_word' id='word_1_41' title='bbox 1144 1362 1215 1418; x_wconf 91' lang='lat' dir='ltr'>aut</span> <span class='ocrx_word' id='word_1_42' title='bbox 1231 1371 1324 1444; x_wconf 90' lang='lat' dir='ltr'><strong>quo-</strong></span> 
     </span>
     <span class='ocr_line' id='line_1_8' title="bbox 379 1452 1322 1565; baseline -0.003 -26"><span class='ocrx_word' id='word_1_43' title='bbox 379 1494 464 1539; x_wconf 90' lang='lat' dir='ltr'>rum</span> <span class='ocrx_word' id='word_1_44' title='bbox 479 1466 583 1538; x_wconf 89' lang='lat' dir='ltr'>nulla</span> <span class='ocrx_word' id='word_1_45' title='bbox 594 1467 732 1565; x_wconf 87' lang='lat' dir='ltr'>indicia</span> <span class='ocrx_word' id='word_1_46' title='bbox 744 1452 943 1564; x_wconf 82' lang='lat' dir='ltr'>apparent3</span> <span class='ocrx_word' id='word_1_47' title='bbox 957 1467 1071 1538; x_wconf 90' lang='lat' dir='ltr'>vitam</span> <span class='ocrx_word' id='word_1_48' title='bbox 1085 1483 1279 1564; x_wconf 89' lang='lat' dir='ltr'>spernunt</span> <span class='ocrx_word' id='word_1_49' title='bbox 1289 1481 1322 1537; x_wconf 89' lang='lat' dir='ltr'>et</span> 
     </span>
     <span class='ocr_line' id='line_1_9' title="bbox 378 1581 1321 1677; baseline -0.002 -17"><span class='ocrx_word' id='word_1_50' title='bbox 378 1581 526 1660; x_wconf 81' lang='lat' dir='ltr'>amant:</span> <span class='ocrx_word' id='word_1_51' title='bbox 546 1587 618 1658; x_wconf 87' lang='lat' dir='ltr'>Alii</span> <span class='ocrx_word' id='word_1_52' title='bbox 637 1585 802 1657; x_wconf 88' lang='lat' dir='ltr'>membra</span> <span class='ocrx_word' id='word_1_53' title='bbox 820 1612 863 1657; x_wconf 86' lang='lat' dir='ltr'>ex</span> <span class='ocrx_word' id='word_1_54' title='bbox 881 1611 980 1677; x_wconf 89' lang='lat' dir='ltr'>cera,</span> <span class='ocrx_word' id='word_1_55' title='bbox 998 1601 1117 1674; x_wconf 87' lang='lat' dir='ltr'>terra,</span> <span class='ocrx_word' id='word_1_56' title='bbox 1135 1588 1239 1659; x_wconf 80' lang='lat' dir='ltr'>vitro</span> <span class='ocrx_word' id='word_1_57' title='bbox 1255 1603 1321 1658; x_wconf 88' lang='lat' dir='ltr'>etc.</span> 
     </span>
     <span class='ocr_line' id='line_1_10' title="bbox 380 1703 1322 1793; baseline -0.004 -15"><span class='ocrx_word' id='word_1_58' title='bbox 380 1707 535 1793; x_wconf 86' lang='lat' dir='ltr'>habere,</span> <span class='ocrx_word' id='word_1_59' title='bbox 556 1703 671 1776; x_wconf 85' lang='lat' dir='ltr'>aliave</span> <span class='ocrx_word' id='word_1_60' title='bbox 687 1703 845 1776; x_wconf 86' lang='lat' dir='ltr'>absurda¹</span> <span class='ocrx_word' id='word_1_61' title='bbox 864 1703 1040 1792; x_wconf 83' lang='lat' dir='ltr'>eredunt,</span> <span class='ocrx_word' id='word_1_62' title='bbox 1058 1720 1095 1777; x_wconf 90' lang='lat' dir='ltr'>et</span> <span class='ocrx_word' id='word_1_63' title='bbox 1117 1703 1219 1776; x_wconf 84' lang='lat' dir='ltr'>falsae</span> <span class='ocrx_word' id='word_1_64' title='bbox 1233 1705 1322 1776; x_wconf 88' lang='lat' dir='ltr'>huic</span> 
     </span>
     <span class='ocr_line' id='line_1_11' title="bbox 382 1821 1255 1922; baseline -0.002 -26"><span class='ocrx_word' id='word_1_65' title='bbox 382 1828 468 1898; x_wconf 84' lang='lat' dir='ltr'>ideae</span> <span class='ocrx_word' id='word_1_66' title='bbox 494 1821 616 1914; x_wconf 86' lang='lat' dir='ltr'>affixi,</span> <span class='ocrx_word' id='word_1_67' title='bbox 643 1849 772 1896; x_wconf 89' lang='lat' dir='ltr'>omnes</span> <span class='ocrx_word' id='word_1_68' title='bbox 801 1826 883 1916; x_wconf 82' lang='lat' dir='ltr'>vitoe</span> <span class='ocrx_word' id='word_1_69' title='bbox 909 1823 1056 1896; x_wconf 86' lang='lat' dir='ltr'>delicias</span> <span class='ocrx_word' id='word_1_70' title='bbox 1082 1821 1255 1922; x_wconf 83' lang='lat' dir='ltr'>fugiunt.</span> 
     </span>
    </p>
   </div>
   <div class='ocr_carea' id='block_1_4' title="bbox 431 1977 742 2101">
    <p class='ocr_par' dir='ltr' id='par_1_4' title="bbox 431 1977 742 2101">
     <span class='ocr_line' id='line_1_12' title="bbox 431 1977 742 2101; baseline 0.013 -27"><span class='ocrx_word' id='word_1_71' title='bbox 431 2007 516 2077; x_wconf 79' lang='lat' dir='ltr'>Huc</span> <span class='ocrx_word' id='word_1_72' title='bbox 531 1977 742 2101; x_wconf 62' lang='lat' dir='ltr'>pertinent:</span> 
     </span>
    </p>
   </div>
   <div class='ocr_carea' id='block_1_5' title="bbox 361 2179 1324 3003">
    <p class='ocr_par' dir='ltr' id='par_1_5' title="bbox 361 2179 1324 3003">
     <span class='ocr_line' id='line_1_13' title="bbox 478 2179 828 2283; baseline 0.003 -28"><span class='ocrx_word' id='word_1_73' title='bbox 478 2191 586 2257; x_wconf 88' lang='lat' dir='ltr'>Psora</span> <span class='ocrx_word' id='word_1_74' title='bbox 602 2179 828 2283; x_wconf 46' lang='lat' dir='ltr'>&#39;imaginariae</span> 
     </span>
     <span class='ocr_line' id='line_1_14' title="bbox 479 2306 887 2403; baseline 0.01 -28"><span class='ocrx_word' id='word_1_75' title='bbox 479 2306 643 2403; x_wconf 89' lang='lat' dir='ltr'>Syphilis</span> <span class='ocrx_word' id='word_1_76' title='bbox 661 2307 887 2403; x_wconf 82' lang='lat' dir='ltr'>imaginaria.</span> 
     </span>
     <span class='ocr_line' id='line_1_15' title="bbox 476 2424 998 2529; baseline 0.008 -35"><span class='ocrx_word' id='word_1_77' title='bbox 476 2425 588 2496; x_wconf 90' lang='lat' dir='ltr'>Tabes</span> <span class='ocrx_word' id='word_1_78' title='bbox 603 2424 756 2497; x_wconf 89' lang='lat' dir='ltr'>dorsalis</span> <span class='ocrx_word' id='word_1_79' title='bbox 773 2427 998 2529; x_wconf 82' lang='lat' dir='ltr'>imaginaria.</span> 
     </span>
     <span class='ocr_line' id='line_1_16' title="bbox 476 2547 943 2644; baseline 0.006 -31"><span class='ocrx_word' id='word_1_80' title='bbox 476 2547 699 2640; x_wconf 87' lang='lat' dir='ltr'>Impotentia</span> <span class='ocrx_word' id='word_1_81' title='bbox 718 2547 943 2644; x_wconf 88' lang='lat' dir='ltr'>imaginaria.</span> 
     </span>
     <span class='ocr_line' id='line_1_17' title="bbox 361 2651 1324 2764; baseline 0.017 -31"><span class='ocrx_word' id='word_1_82' title='bbox 361 2651 365 2660; x_wconf 45' lang='lat'>¹</span> <span class='ocrx_word' id='word_1_83' title='bbox 478 2661 698 2761; x_wconf 80' lang='lat' dir='ltr'>Apoplexia‚</span> <span class='ocrx_word' id='word_1_84' title='bbox 725 2661 934 2763; x_wconf 85' lang='lat' dir='ltr'>paralysis,</span> <span class='ocrx_word' id='word_1_85' title='bbox 963 2665 1180 2764; x_wconf 83' lang='lat' dir='ltr'>emphraxis</span> <span class='ocrx_word' id='word_1_86' title='bbox 1205 2667 1324 2748; x_wconf 84' lang='lat' dir='ltr'>visce·</span> 
     </span>
     <span class='ocr_line' id='line_1_18' title="bbox 526 2787 984 2884; baseline 0.004 -29"><span class='ocrx_word' id='word_1_87' title='bbox 526 2810 612 2855; x_wconf 89' lang='lat' dir='ltr'>rum</span> <span class='ocrx_word' id='word_1_88' title='bbox 628 2800 695 2859; x_wconf 87' lang='lat' dir='ltr'>etc.</span> <span class='ocrx_word' id='word_1_89' title='bbox 717 2787 950 2884; x_wconf 76' lang='lat' dir='ltr'>imaginariae.</span> <span class='ocrx_word' id='word_1_90' title='bbox 979 2871 984 2878; x_wconf 26' lang='lat'>⁵</span> 
     </span>
     <span class='ocr_line' id='line_1_19' title="bbox 476 2903 1065 3003; baseline 0.008 -29"><span class='ocrx_word' id='word_1_91' title='bbox 476 2903 643 2975; x_wconf 88' lang='lat' dir='ltr'>Membra</span> <span class='ocrx_word' id='word_1_92' title='bbox 658 2906 823 3002; x_wconf 88' lang='lat' dir='ltr'>corporis</span> <span class='ocrx_word' id='word_1_93' title='bbox 836 2906 1065 3003; x_wconf 75' lang='lat' dir='ltr'>imaginaria.</span> 
     </span>
    </p>
   </div>
   <div class='ocr_carea' id='block_1_6' title="bbox 429 3077 975 3182">
    <p class='ocr_par' dir='ltr' id='par_1_6' title="bbox 429 3077 975 3182">
     <span class='ocr_line' id='line_1_20' title="bbox 429 3077 975 3182; baseline -0.002 -26"><span class='ocrx_word' id='word_1_94' title='bbox 429 3085 491 3178; x_wconf 78' lang='lat' dir='ltr'>Sp.</span> <span class='ocrx_word' id='word_1_95' title='bbox 520 3109 553 3155; x_wconf 83' lang='lat'>2.</span> <span class='ocrx_word' id='word_1_96' title='bbox 582 3077 753 3172; x_wconf 82' lang='lat' dir='ltr'>Athymia</span> <span class='ocrx_word' id='word_1_97' title='bbox 772 3085 975 3182; x_wconf 81' lang='lat' dir='ltr'>Religiosa.</span> 
     </span>
    </p>
   </div>
   <div class='ocr_carea' id='block_1_7' title="bbox 263 3239 1326 3840">
    <p class='ocr_par' dir='ltr' id='par_1_7' title="bbox 263 3239 1326 3724">
     <span class='ocr_line' id='line_1_21' title="bbox 355 3239 1325 3370; baseline 0.014 -40"><span class='ocrx_word' id='word_1_98' title='bbox 355 3239 357 3246; x_wconf 40' lang='lat'>⁵</span> <span class='ocrx_word' id='word_1_99' title='bbox 432 3262 598 3349; x_wconf 87' lang='lat' dir='ltr'>Insania,</span> <span class='ocrx_word' id='word_1_100' title='bbox 618 3262 658 3332; x_wconf 89' lang='lat' dir='ltr'>in</span> <span class='ocrx_word' id='word_1_101' title='bbox 677 3286 750 3358; x_wconf 90' lang='lat' dir='ltr'>qua</span> <span class='ocrx_word' id='word_1_102' title='bbox 765 3263 869 3360; x_wconf 84' lang='lat' dir='ltr'>aegri,</span> <span class='ocrx_word' id='word_1_103' title='bbox 900 3263 975 3337; x_wconf 87' lang='lat' dir='ltr'>alto</span> <span class='ocrx_word' id='word_1_104' title='bbox 992 3289 1151 3340; x_wconf 82' lang='lat' dir='ltr'>moerore</span> <span class='ocrx_word' id='word_1_105' title='bbox 1166 3273 1325 3370; x_wconf 88' lang='lat' dir='ltr'>sepulti,</span> 
     </span>
     <span class='ocr_line' id='line_1_22' title="bbox 372 3379 1326 3488; baseline 0.016 -38"><span class='ocrx_word' id='word_1_106' title='bbox 372 3379 498 3451; x_wconf 76' lang='lat' dir='ltr'>‘Deum</span> <span class='ocrx_word' id='word_1_107' title='bbox 516 3381 810 3478; x_wconf 77' lang='lat' dir='ltr'>ejusquesevera</span> <span class='ocrx_word' id='word_1_108' title='bbox 825 3381 966 3478; x_wconf 84' lang='lat' dir='ltr'>jndicia</span> <span class='ocrx_word' id='word_1_109' title='bbox 982 3387 1137 3476; x_wconf 84' lang='lat' dir='ltr'>timent,</span> <span class='ocrx_word' id='word_1_110' title='bbox 1164 3389 1213 3462; x_wconf 84' lang='lat' dir='ltr'>de</span> <span class='ocrx_word' id='word_1_111' title='bbox 1242 3395 1326 3488; x_wconf 86' lang='lat' dir='ltr'>ejus</span> 
     </span>
     <span class='ocr_line' id='line_1_23' title="bbox 381 3490 1326 3603; baseline 0.014 -36"><span class='ocrx_word' id='word_1_112' title='bbox 381 3507 495 3594; x_wconf 82' lang='lat' dir='ltr'>gratia</span> <span class='ocrx_word' id='word_1_113' title='bbox 510 3514 546 3570; x_wconf 85' lang='lat' dir='ltr'>et</span> <span class='ocrx_word' id='word_1_114' title='bbox 560 3495 604 3572; x_wconf 91' lang='lat' dir='ltr'>de</span> <span class='ocrx_word' id='word_1_115' title='bbox 618 3503 770 3598; x_wconf 88' lang='lat' dir='ltr'>propria</span> <span class='ocrx_word' id='word_1_116' title='bbox 785 3527 850 3572; x_wconf 88' lang='lat' dir='ltr'>sua</span> <span class='ocrx_word' id='word_1_117' title='bbox 869 3502 985 3576; x_wconf 88' lang='lat' dir='ltr'>salute</span> <span class='ocrx_word' id='word_1_118' title='bbox 996 3490 1267 3603; x_wconf 70' lang='lat' dir='ltr'>desperantes,</span> <span class='ocrx_word' id='word_1_119' title='bbox 1285 3525 1326 3580; x_wconf 84' lang='lat' dir='ltr'>et</span> 
     </span>
     <span class='ocr_line' id='line_1_24' title="bbox 263 3615 1322 3724; baseline 0.014 -40"><span class='ocrx_word' id='word_1_120' title='bbox 263 3701 265 3704; x_wconf 16' lang='grc' dir='ltr'>Ι</span> <span class='ocrx_word' id='word_1_121' title='bbox 372 3629 518 3686; x_wconf 78' lang='lat' dir='ltr'>,terrore</span> <span class='ocrx_word' id='word_1_122' title='bbox 531 3615 670 3690; x_wconf 86' lang='lat' dir='ltr'>inferni</span> <span class='ocrx_word' id='word_1_123' title='bbox 681 3622 819 3709; x_wconf 79' lang='lat' dir='ltr'>vexati,</span> <span class='ocrx_word' id='word_1_124' title='bbox 831 3647 908 3696; x_wconf 91' lang='lat' dir='ltr'>non</span> <span class='ocrx_word' id='word_1_125' title='bbox 925 3625 1008 3695; x_wconf 89' lang='lat' dir='ltr'>&#39;raro</span> <span class='ocrx_word' id='word_1_126' title='bbox 1017 3623 1064 3695; x_wconf 93' lang='lat' dir='ltr'>ad</span> <span class='ocrx_word' id='word_1_127' title='bbox 1079 3627 1198 3724; x_wconf 87' lang='lat' dir='ltr'>ipsam</span> <span class='ocrx_word' id='word_1_128' title='bbox 1212 3643 1322 3700; x_wconf 80' lang='lat' dir='ltr'>auto-</span> 
     </span>
    </p>

    <p class='ocr_par' dir='ltr' id='par_1_8' title="bbox 371 3727 1324 3840">
     <span class='ocr_line' id='line_1_25' title="bbox 371 3727 1324 3840; baseline 0.015 -38"><span class='ocrx_word' id='word_1_129' title='bbox 371 3727 536 3804; x_wconf 69' lang='lat' dir='ltr'>&#39;chiriam</span> <span class='ocrx_word' id='word_1_130' title='bbox 565 3737 847 3840; x_wconf 70' lang='lat' dir='ltr'>compelluntur</span> <span class='ocrx_word' id='word_1_131' title='bbox 870 3771 876 3812; x_wconf 89' lang='lat'>:</span> <span class='ocrx_word' id='word_1_132' title='bbox 902 3739 974 3814; x_wconf 83' lang='lat' dir='ltr'>Alii</span> <span class='ocrx_word' id='word_1_133' title='bbox 993 3770 1068 3816; x_wconf 92' lang='lat' dir='ltr'>sese</span> <span class='ocrx_word' id='word_1_134' title='bbox 1089 3747 1324 3818; x_wconf 86' lang='lat' dir='ltr'>commercio</span> 
     </span>
    </p>
   </div>
   <div class='ocr_carea' id='block_1_8' title="bbox 379 3854 1322 3963">
    <p class='ocr_par' dir='ltr' id='par_1_9' title="bbox 379 3854 1322 3963">
     <span class='ocr_line' id='line_1_26' title="bbox 379 3854 1322 3963; baseline 0.02 -41"><span class='ocrx_word' id='word_1_135' title='bbox 379 3878 465 3928; x_wconf 84' lang='lat' dir='ltr'>eum</span> <span class='ocrx_word' id='word_1_136' title='bbox 481 3854 647 3927; x_wconf 85' lang='lat' dir='ltr'>daemone</span> <span class='ocrx_word' id='word_1_137' title='bbox 659 3859 822 3952; x_wconf 84' lang='lat' dir='ltr'>junctos,</span> <span class='ocrx_word' id='word_1_138' title='bbox 843 3878 909 3939; x_wconf 81' lang='lat' dir='ltr'>aut</span> <span class='ocrx_word' id='word_1_139' title='bbox 923 3861 1020 3940; x_wconf 78' lang='lat' dir='ltr'>malo</span> <span class='ocrx_word' id='word_1_140' title='bbox 1035 3866 1175 3963; x_wconf 89' lang='lat' dir='ltr'>spiritu</span> <span class='ocrx_word' id='word_1_141' title='bbox 1192 3894 1322 3940; x_wconf 76' lang='lat' dir='ltr'>revera</span> 
     </span>
    </p>
   </div>
   <div class='ocr_carea' id='block_1_9' title="bbox 0 0 1408 4936">
    <p class='ocr_par' dir='ltr' id='par_1_10' title="bbox 0 0 1408 4936">
     <span class='ocr_line' id='line_1_27' title="bbox 0 0 1408 4936; baseline 0 1"><span class='ocrx_word' id='word_1_142' title='bbox 0 0 1408 4936; x_wconf 95' lang='lat' dir='ltr'> </span> 
     </span>
    </p>
   </div>
  </div>
 </body>
</html>
