2870 4938
379 366 426 436 0.
453 365 488 431 l.'
508 363 861 438 APOKENOSES.
1015 369 1087 444 215
1150 297 1155 346 .'

211 520 419 598 VArrur
438 545 508 616 pro
531 545 648 592 causa
673 536 834 596 remota.-

153 709 183 753 α.
200 681 350 778 Aprava
374 678 480 752 diaeta
496 703 541 753 ex
563 653 714 779 ingestis
736 680 951 775 tenacibus,
977 684 1086 783 gluti·
1178 697 1183 710 '

127 823 132 834 ·
203 823 315 872 nosrs.

151 923 184 1011 β.
201 918 256 991 Ab
273 916 435 990 infarctu
459 941 632 1010 mucoso,
646 919 856 1020 glutinosa,
871 938 937 998 aut
952 921 1084 1002 ve'rmi·

204 1038 275 1109 bus
288 1039 570 1109 intestinorum.
1117 1033 1120 1044 ’

150 1187 180 1252 y.
196 1169 223 1228 Α
240 1155 407 1229 cachexia
423 1158 601 1254 pituitosa
615 1157 787 1254 generali.

152 1280 181 1348 ὃ.
200 1281 231 1348 A
251 1276 351 1350 febre
364 1301 570 1375 praegressa.

151 1425 176 1466 ε.
199 1395 227 1463 A
249 1395 455 1484 dysenteria
469 1419 676 1494 praegressa.

149 1525 180 1597 ζ.
198 1511 253 1584 Ab
270 1511 392 1587 ulcere
406 1516 681 1587 intestinorum.

147 1665 180 1715 η.
199 1634 230 1703 A
244 1648 393 1732 torpore
409 1657 579 1706 vasorum
593 1635 871 1708 absorbentium
884 1637 1019 1709 canalis
1034 1627 1085 1712 in·

199 1753 377 1827 testinalis
394 1779 436 1826 ex
450 1776 627 1842 moerore,
642 1769 769 1845 metu,
786 1769 942 1844 terrore,
960 1757 1084 1832 aliisve

199 1873 326 1944 causis.
561 1885 567 1890 '

148 1997 229 2065 &A
245 2009 393 2093 torpore
419 2007 485 2064 aut
510 1995 696 2065 inactione
719 2017 890 2064 vasorum
910 2007 1082 2067 eutaneo-
1114 2072 1121 2086 ‚

200 2135 285 2182 rum
300 2111 481 2183 habituali
497 2111 605 2206 (cum
623 2125 708 2181 cute
722 2112 834 2198 sicca,
852 2109 983 2206 arida).

147 2264 169 2302 ι.
189 2234 242 2302 Ex
259 2245 406 2332 torpore
428 2244 493 2302 aut
507 2227 759 2300 obstructione
769 2252 940 2300 vasorum
952 2229 1081 2304 lacteo

199 2373 310 2443 rum,
340 2365 406 2420 aut
433 2348 695 2446 glandularum
725 2340 1006 2421 meseraiearum
1041 2354 1078 2423 in
1148 2442 1155 2450 ἱ

199 2468 425 2558 scrofulosis,
442 2467 664 2541 rhachiticis.

144 2621 174 2660 κ.
190 2593 244 2662 Ex
256 2590 347 2660 vitio
358 2589 620 2660 intestinorum
643 2585 825 2658 habituali
844 2602 1045 2660 contracto.

199 2772 261 2864 Sp.
285 2769 319 2840 8.
335 2766 526 2838 Diarrhoea
547 2769 789 2864 Dyspeptica.

196 2942 426 3037 Dejectiones
447 2939 676 3040 frequentes,
691 2965 732 3012 ac
746 2940 969 3039 plerumque
993 2961 1080 3009 mox

144 3061 194 3134 ab
205 3064 402 3159 assumptis
413 3061 599 3138 alimentis
609 3063 861 3157 insequentes,
874 3057 1076 3130 crudorum

145 3198 186 3255 et
201 3180 491 3282 indigestorum,
512 3183 574 3253 vix
593 3196 659 3253 aut
679 3205 726 3251 ne
743 3181 806 3250 vix
821 3193 1075 3265 mutatorum,

146 3316 186 3376 et
199 3299 274 3374 fere
290 3299 440 3390 talium,
456 3300 580 3400 qualia
602 3313 787 3399 assumpta
807 3295 982 3386 fuerunt,
999 3299 1078 3368 sine

146 3421 277 3496 dolore
291 3435 356 3496 aut
371 3418 501 3514 febre(
517 3423 541 3507 ).

187 3644 228 3723 t*
237 3609 251 3726 )
268 3638 1020 3718 mmmmanmexlaenaaautsxunoa
1031 3639 1081 3700 va

148 3746 279 3836 paralysi
292 3743 453 3809 ventriculi
472 3752 502 3804 et
516 3742 727 3808 intestinorum
750 3741 910 3816 tenuium,
937 3751 972 3804 ut
991 3741 1080 3828 vulgo

874 3844 904 3909 0
932 3842 954 3931 l
