2808 4936
369 419 442 492 508
492 422 558 491 CL.
573 423 634 490 111.
648 422 896 491 DYSERETH.
910 424 967 493 ET
981 421 1177 496 DYSAEST.

404 573 584 654 'Vsum
599 608 672 678 pro
699 607 817 654 causa
847 595 986 656 remota
998 636 1013 672 ,

367 735 410 809 α.’
426 745 453 809 Α
468 739 587 810 causis
604 738 650 808 ad
669 737 900 836 apoplexiam
913 793 923 828 ‚
935 737 1131 838 'paralysin
1143 794 1152 826 ,
1165 739 1304 838 epilep-

322 897 324 902 .
393 857 530 942 siam,
554 857 716 927 maniam
740 856 1103 953 praedisponentibus
1117 857 1171 952 (⁴).

368 958 401 1048 β.
427 954 679 1051 Abingluvie,
702 971 769 1028 aut
782 956 909 1028 crudis
927 958 1096 1054 ingestis3
1119 959 1306 1055 praecipue

368 1067 370 1070 ’
407 1097 562 1144 ,aeoena
580 1072 690 1144 lauta.
733 1165 737 1172 Ι

368 1221 398 1291 y.
416 1195 481 1296 ¹Ab
498 1193 624 1282 acido,
639 1207 705 1264 aut
716 1157 853 1292 pituita
867 1193 981 1268 aliave
998 1194 1151 1270 saburra
1169 1197 1307 1268 ventri·
1385 1201 1386 1206 ’

420 1313 550 1384 culum
565 1328 631 1423 aut
642 1316 818 1390 intestina
831 1330 1014 1420 gravante.

370 1435 400 1504 δ.
426 1434 457 1502 Δ
475 1428 675 1506 vermibus

370 1582 397 1623 c.
423 1549 481 1622 Ab
499 1551 685 1625 ebrietate.

358 1667 399 1755 Ιζ.
415 1672 457 1740 Ἀ
474 1668 743 1767 defatigatione.

348 1845 351 1855 ,
371 1818 401 1870 η.
427 1793 453 1860 Α
470 1788 649 1863 decubitu
662 1791 704 1878 iu
721 1789 885 1866 dorsum.

373 1916 409 1978 9.
436 1921 465 1980 A
485 1908 673 2005 plethora,
694 1925 760 1981 aut
773 1909 965 2010 emphraxi
984 1912 1173 1984 viseerum
1198 1911 1307 1986 abdo

423 2024 579 2099 nalium.
644 2084 647 2091 .

373 2209 414 2278 G.
441 2208 544 2277 xlv,
645 2209 1024 2282 PNlGOPHOBlA.

422 2328 454 2394 A
482 2327 544 2394 Gr.
571 2329 672 2414 Πνὶξ,
700 2355 729 2397 s.
755 2335 875 2421 πνῖγος,
900 2325 1118 2417 suffocatio„
1139 2341 1176 2400 et
1202 2332 1308 2424 φόὸος,
1389 2393 1390 2402 2

372 2460 517 2516 metus:
537 2447 656 2514 Metus
673 2431 927 2516 suffocationis
938 2446 1100 2518 diurnus
1114 2448 1193 2538 (**).

428 2603 632 2707 Morbus,
654 2606 869 2718 praecipue
886 2607 1003 2690 viros
1017 2603 1310 2716 postquadra·

372 2734 584 2846 gesimum
606 2737 735 2823 aetatis
761 2765 953 2850 aunum,
982 2766 1065 2848 per.
1081 2734 1313 2820 intervalla

371 2864 648 2977 longioravel
658 2858 872 2971 breviora,
885 2866 1313 2982 initioutplurimum

374 2998 454 3082 sub
470 2998 812 3083 deambulatione
837 2999 885 3082 in
909 3010 1004 3084 aere
1017 2997 1177 3102 libero,
1206 3000 1314 3086 dein

409 3237 465 3311 (⁸)
486 3236 617 3297 Affectus
631 3236 680 3294 hic
699 3237 733 3296 iu
750 3237 807 3310 iis,
831 3239 884 3316 qui
899 3235 936 3294 ad
953 3236 1162 3316 apoplexiam,
1183 3237 1314 3314 paraly-

368 3338 436 3412 sin,
454 3336 627 3415 epilepsiam
645 3346 697 3395 aut
713 3334 1091 3416 Parenoiaspraerlispositi
1112 3344 1204 3406 sunt,
1232 3353 1314 3412 sape

368 3436 545 3512 periculum
560 3435 724 3500 'imminens
734 3435 896 3514 portendit
905 3473 928 3510 ‚,
945 3433 1026 3513 quod
1046 3431 1181 3514 praetioo
1202 3439 1315 3492 notu·

371 3537 473 3613 magni
491 3535 640 3594 momenti
656 3544 709 3593 est.
771 3535 773 3540 ’

408 3632 477 3712 Ν)
498 3635 548 3694 Ad
562 3637 764 3697 characterem
774 3631 863 3712 hujus
876 3633 990 3706 morbi,
1009 3631 1063 3711 qui
1074 3631 1157 3714 apud
1173 3640 1326 3690 auetores

369 3734 582 3813 subpluribus
602 3733 889 3798 nominibusvariis
916 3731 1067 3806 occurrit,
1093 3729 1204 3796 uastius
1231 3729 1324 3792 desi«

370 3834 640 3912 gnanduurnomen
660 3836 873 3893 Pmooruoma
894 3829 1048 3910 adoptavi.
