2804 4940
349 507 424 594 itio
474 503 543 574 CL.
556 501 616 570 111.
633 484 883 567 DYSERETH.
899 481 957 560 ET
970 477 1166 560 DYSAEST.

351 669 430 716 rem
457 637 738 713 acerbissimum
767 632 887 720 oieat,
921 627 1042 702 donec
1064 632 1104 700 in
1135 629 1290 703 vesicam

351 765 495 836 delatus
521 756 646 830 fuerit.

452 903 546 977 Vide
567 894 840 971 ‘Urolithiasie

406 1091 468 1184 Sp.
496 1081 531 1156 3.
560 1074 783 1176 Nephralgia
802 1077 992 1146 Ulaerosa.
1072 1090 1075 1099 ·

403 1261 540 1354 Pyuria
554 1311 564 1347 ‚
582 1279 669 1327 cum
683 1247 812 1322 dolore
826 1239 962 1320 obtuso
980 1243 1210 1345 quandoque
1224 1247 1298 1316 vio·

356 1381 461 1457 lento
482 1381 523 1449 in
553 1376 704 1472 regione
738 1371 864 1459 renis,
904 1384 948 1438 e'x
978 1363 1141 1455 calculo,
1166 1353 1236 1436 a'ut
1259 1387 1300 1434 ex

357 1497 654 1574 inflammatione
678 1492 779 1564 renis
792 1511 1011 1588 praegressa,
1035 1501 1126 1558 orta.
1198 1531 1201 1538 ·

370 1781 373 1800 ι
405 1685 469 1779 sp.
498 1679 532 1762 Δ.
557 1670 778 1772 Nephralgia
801 1671 1002 1767 organica.

411 1871 440 1931 A
452 1843 788 1952 desorganisatione
802 1837 922 1934 renis,
940 1867 1034 1941 saepe
1050 1864 1139 1912 cum
1153 1853 1304 1914 tumore

363 1973 511 2054 enormi
530 1977 570 2045 in
588 1965 739 2069 regione
757 1964 881 2056 renis,
898 1977 997 2034 tactu
1014 1961 1281 2062 perceptibilis.

414 2160 479 2256 Sp·
508 2153 541 2229 5·
567 2145 789 2250 Nephralgia
803 2144 1044 2221 Erethistioa.

373 2342 628 2413 ''Vanure

366 2533 397 2574 α.
414 2497 468 2570 Ab
486 2490 658 2576 acribus,
679 2480 914 2556 irritantibus
943 2478 1120 2579 ingestis,
1148 2495 1216 2554 aut
1246 2507 1310 2552 ex.

371 2657 377 2668 ·
417 2635 525 2692 terne
544 2609 757 2708 applicatis,
771 2605 957 2703 praecipue
975 2605 1015 2673 in
1029 2602 1207 2697 subjectis
1226 2605 1310 2674 irri-

418 2731 617 2815 rabilibus,
637 2724 896 2826 hyperkinesia
913 2720 1183 2795 laborantibus.

370 2865 403 2953 β.
430 2862 458 2929 Α
480 2843 621 2926 calculo
645 2848 775 2934 urim,
803 2844 861 2917 vel
876 2870 898 2915 a
915 2842 1098 2942 gruminis
1115 2846 1314 2943 sanguinis

422 2970 626 3070 coagulati,
646 2964 687 3037 in
708 2978 853 3036 uretere
874 2959 1112 3035 haerentibus.
1180 3040 1184 3048 ,

239 3271 242 3286 y
371 3161 420 3248 B.
448 3143 713 3266 Nephralgia
730 3143 1069 3259 symptomatica.

403 3309 416 3348 ·.
433 3347 476 3424 V
473 3361 623 3419 Aram
644 3363 659 3409 .-

374 3559 406 3603 α.
431 3517 662 3620 Nephralgia
685 3513 922 3586 rheumatica.
1014 3533 1044 3608 ff

377 3653 410 3744 β,
433 3683 676 3704 ----
693 3615 902 3734 podagrica.
1014 3652 1045 3665 ··

378 3802 408 3866 7,
435 3762 488 3838 Ab
508 3753 827 3828 haemorrhoidum
843 3763 1195 3821 autmenstruorum
1208 3743 1321 3820 fluxu

386 3915 392 3922 ·
426 3929 431 3934 -
476 3889 654 3957 consueto
672 3849 857 3974 impedito⁴
868 3885 935 3945 aut
949 3840 1158 3968 suppresso.
