2900 4942
335 441 377 508 ο.
409 437 460 506 11.
494 435 851 508 rnircmtstffi.
1010 441 1055 534 7³

133 611 155 653 ι,
180 577 237 650 Ab
254 573 573 652 exanthematibus
589 575 806 675 retropulsis
829 574 888 648 vel
905 591 1058 682 retrocc-

179 694 366 768 dentibus.

130 830 160 902 ζ.
185 824 211 887 A
226 839 351 914 psum,
364 812 533 912 harpam,
547 814 672 886 aliisve
685 814 785 886 vitiis
800 815 896 886 cutis
912 813 1058 886 chroni-

183 937 235 1008 cis
244 934 476 1034 retropulsis.

9 1141 13 1150 Ι
132 1089 162 1138 η.
189 1054 245 1126 Ab
269 1053 409 1143 ulcere,
424 1052 626 1144 fonticulo,
641 1053 699 1127 vel
712 1054 846 1127 sudore
860 1055 983 1152 topico
1000 1052 1064 1126 ha·

166 1171 316 1278 ¹bituali
332 1174 484 1246 siccatis.

133 1301 168 1364 9.
195 1295 227 1362 A
245 1289 388 1382 lochiis,
406 1273 621 1392 menstruiS,
639 1289 1067 1390 haemorrhoidibussup

184 1412 329 1510 pressis.

137 1568 161 1608 ι.
173 1589 176 1596 ,
187 1532 243 1614 Ah
258 1530 453 1629 uroplania
468 1530 714 1630 (iactation).

135 1683 165 1721 κ.
192 1655 219 1722 A
240 1648 502 1749 galactoplania
521 1649 698 1748 (lactea).

135 1778 165 1847 λ.
193 1776 220 1842 A
238 1773 322 1848 viru
337 1769 550 1870 syphilitico
562 1771 609 1842 ad
623 1783 735 1870 caput
750 1770 935 1845 translato.

136 1926 171 1988 μ.
199 1891 257 1964 Ab
270 1891 499 1990 hydrargyro
515 1893 556 1962 in
570 1889 775 1988 enkephalo
788 1903 1018 1964 extravasato.

136 2044 164 2084 ν.
194 2021 220 2082 A
244 2009 462 2082 trichomate
476 2010 640 2080 incauste
656 2007 829 2099 absciss03
847 2008 905 2083 vcl
918 2009 1028 2080 etiam
1047 2031 1069 2080 a

188 2127 331 2228 capillis
347 2127 520 2207 abscissis.

146 2417 150 2426 .
190 2351 252 2446 Sp.
279 2345 314 2420 6.
339 2329 888 2446 EukephalitisSymptomatica
896 2360 962 2419 aut
970 2349 1070 2446 Sym·
1178 2439 1181 2450 1

390 2465 560 2564 pathica.

202 2669 245 2746 V
242 2687 392 2756 Amr
403 2692 473 2764 pro
486 2692 604 2740 causa
617 2680 777 2746 remota:
845 2735 848 2746 ,

139 2881 176 2924 α.
199 2849 253 2917 Ex
265 2844 383 2918 abusu
396 2843 588 2944 liquorum
604 2847 899 2944 spirituosorum.

140 2971 179 3060 β.
205 2963 407 3036 Avenanis
423 2962 623 3062 deglutitis.
791 2965 795 2975 '

140 3119 176 3186 y.
202 3081 436 3160 Avermihus
447 3082 730 3156 intestinalibus.
744 3082 760 3180 (
773 3084 1026 3182 Verminoca).
1125 3077 1129 3084 ’

141 3209 176 3278 δ.
202 3205 235 3276 A
246 3200 398 3290 saburra
409 3202 616 3300 primarum
630 3204 787 3276 viarum.

145 3355 174 3396 ε.
202 3324 419 3409 Amorsura
433 3318 603 3392 animalis
616 3319 749 3392 rabidi.
776 3396 779 3404 ‚

144 3451 178 3524 ζ.
204 3443 233 3510 A
251 3441 473 3510 contusione
483 3437 654 3534 violenta,
668 3439 834 3530 vulnere,
848 3454 913 3512 aut
921 3435 1080 3514 fractura

200 3571 485 3629 extremitatum.

147 3705 180 3770 η.
205 3678 237 3744 A
253 3677 407 3780 seminis*
420 3679 715 3784 accumulatione
737 3682 777 3753 in
795 3679 982 3754 testiculis.

149 3781 185 3878 ἓ),
213 3796 240 3868 Α
266 3809 430 3896 turgore,
441 3784 558 3874 aliove
566 3800 657 3878 vitio
667 3801 877 3884 oratiorum
889 3800 947 3880 rel
957 3799 1068 3879 uteri.
