2808 4936
305 447 809 542 errorentnustn.
911 471 1035 574 ¹¹509
1142 561 1144 564 ,

98 611 376 716 θῑίαωᾱοωὶ
409 611 616 696 innubili
651 613 791 698 subito
823 613 1036 702 invadens

103 749 198 832 sine
220 745 308 831 ulla
328 774 455 831 causa
477 761 653 829 externa
667 765 912 862 apparente,
937 755 1040 837 c'um

101 909 271 962 summo
299 876 586 961 suffocationis
606 893 755 981 metu,
787 880 841 966 ad
870 897 1041 966 motum

101 1009 292 1124 corporis
324 1007 602 1093 levissimum
618 1025 691 1094 aut
722 1011 776 1094 ad
808 1009 1041 1124 loq‘uellam

102 1157 245 1244 auoto,
263 1123 592 1258 simulquecum
607 1143 844 1226 sensatione
860 1145 1041 1229 anxieta-

103 1277 156 1358 tis
185 1272 423 1380 ineffabilis
443 1275 490 1358 in
523 1290 696 1388 pectore
724 1305 771 1358 ae
788 1273 935 1358 dolore
962 1255 1067 1362 subs

106 1423 268 1511 sterno,
295 1407 555 1520 quandoque
586 1407 640 1492 ad
665 1405 775 1491 latus
796 1408 1043 1513 sinistrum,

107 1542 246 1626 rarius
260 1539 479 1642 dextrum,
501 1539 777 1650 extendente,
793 1557 835 1625 et
849 1540 1045 1654 frequen·

106 1690 172 1758 ter
190 1673 318 1756 etiam
335 1672 528 1758 medium
548 1671 711 1756 brachii
736 1673 894 1755 sinistri
915 1704 1046 1758 occu-

107 1819 263 1918 pante,
291 1803 422 1888 ita-ut
445 1834 555 1916 aeger
576 1804 839 1886 instantanee
854 1785 1056 1916 gressum¹

109 1938 280 2041 sistere,
316 1933 469 2021 faeiem
492 1965 517 2018 a
537 1951 671 2018 vento
691 1950 908 2038 avertere,
927 1951 968 2018 et
988 1937 1048 2021 sie

110 2087 218 2152 stare
248 2065 322 2151 vel
352 2066 500 2150 sedere
529 2095 607 2180 per
643 2064 804 2180 aliquot
830 2083 1051 2152 momenta

115 2208 304 2316 cogatur.¹
320 2195 531 2302 Accessus
547 2198 804 2312 quandoque
818 2198 968 2284 eodem
980 2199 1050 2286 die

114 2334 443 2446 saepius1redit3
484 2332 742 2446 quaudoque
785 2362 863 2445 per
904 2332 1050 2445 plures

104 2470 207 2554 'dies
223 2481 296 2550 aut
312 2464 602 2551 hebdomadas
620 2495 778 2576 aegrum
798 2479 1052 2579 apparenter

118 2599 384 2686 incolumem
401 2598 605 2713 relinquit
616 2629 631 2708 3
644 2597 758 2683 malo
773 2598 832 2682 sio
849 2629 959 2712 saepe
974 2628 1053 2710 per

118 2765 289 2821 menses
310 2749 383 2818 aut
398 2761 540 2817 annos·
550 2731 733 2817 durante
747 2730 973 2815 ettandem
986 2761 1055 2814 su·

120 2866 209 2950 bito
221 2862 901 2976 lethali.Quandoqueprogressu
914 2859 1054 2943 morbi

120 2999 340 3113 respiratio
352 3007 593 3082 constanter
606 2991 790 3080 difficilis
800 3010 1054 3080 manetcurn

123 3131 229 3216 tussi
250 3131 379 3232 sicea,
396 3128 587 3231 molesta,
604 3127 616 3210 i
622 3129 720 3211 rrita
729 3192 743 3230 ,
759 3157 807 3210 ae
823 3125 956 3238 sputis
968 3153 1059 3236 par-

125 3266 213 3368 ris,
226 3264 357 3367 albis,
379 3261 573 3346 rotundis
589 3277 715 3372 atque
735 3258 1011 3372 grandinosis.
1042 3273 1044 3283 '

127 3422 207 3489 Sur.
226 3415 368 3512 angina
387 3413 545 3513 pectoris
561 3401 762 3486 Heberden
778 3410 833 3502 (⁸⁴).

226 3544 378 3632 Angone
399 3533 440 3609 V
437 3587 445 3604 ·
514 3535 518 3544 ’
569 3627 572 3644 ι

68 3684 70 3687 ·
131 3665 1058 3710 mmmm-*⁶⁴⁸-

133 3786 136 3794 ·
176 3765 231 3842 (⁴)
260 3761 357 3824 Guilt.
386 3757 548 3818 Heberden
566 3755 657 3814 =hune
679 3755 819 3812 morbum
845 3751 960 3831 primus
986 3751 1064 3808 bene

129 3865 283 3948 descripsit
298 3863 332 3924 iu
350 3857 464 3923 Medic.
483 3859 660 3932 n·amaec.;
675 3851 746 3912 dein
758 3851 847 3914 etiarn
861 3849 965 3909 insuia
976 3847 1063 3910 aar·
