2870 4938
392 396 435 464 0.
460 396 487 463 1.
516 395 862 467 APOKENOSES.
1020 401 1090 472 213

163 523 321 600 humido
335 532 458 604 ventri
476 531 624 604 incaute
637 529 813 622 admisso,
830 532 888 608 vel
899 534 1092 610 exhaustu

163 641 302 742 frigidae
315 663 489 723 aestuante
500 673 654 748 corpore
662 649 861 746 deglutito,
874 651 985 723 velex
995 675 1092 750 aqua

161 762 294 862 frigida
310 772 430 841 ventri
443 772 646 870 applicata,
664 785 729 842 aut
745 795 789 842 ex
805 769 964 868 pedibus
979 771 1092 844 nudis

161 883 376 979 pavimento
392 883 526 985 frigido
538 889 735 987 expositis,
760 902 864 960 ortus
888 887 947 987 (⁸).

210 1081 272 1174 Sp.
292 1076 323 1150 5.
341 1080 532 1152 Diarrhoea
552 1083 699 1158 Critian.

209 1273 440 1369 Dejectiones
447 1274 637 1373 pultaceae‚
649 1273 857 1365 faeculentae,
867 1261 1090 1378 frequentes,

161 1387 234 1462 auh
247 1387 361 1462 finem
382 1390 542 1464 febrium
560 1395 797 1491 potissimum
813 1409 903 1469 ortae
914 1421 1001 1468 cum
1018 1398 1092 1469 evi·

160 1505 273 1578 dente
306 1511 391 1606 aegri
414 1508 605 1584 levamine.
635 1549 683 1568 -
713 1495 947 1614 Quandoque
979 1515 1092 1616 etiam

160 1625 345 1700 diarrhoea
358 1631 493 1720 critica,
503 1653 640 1728 aquosa
648 1629 707 1703 vel
717 1655 846 1721 serosa,
857 1647 988 1730 sponte
998 1647 1092 1722 orta,

161 1742 369 1843 hydropem
383 1747 502 1821 aufert
516 1776 526 1839 ;
551 1749 648 1822 idem
666 1751 776 1822 etiam
796 1748 1022 1847 quandoque
1036 1775 1091 1822 ac-

160 1861 253 1936 cidit
268 1889 311 1938 ex
326 1867 486 1967 podagra
504 1869 779 1959 retrocedente,
801 1866 866 1940 *vel
886 1892 930 1940 ex
952 1847 1090 1940 rariola

159 2002 412 2082 suppurante‚
431 2003 496 2062 ant
513 2015 556 2061 ex
574 2014 668 2087 pure
685 1987 774 2060 alibi
791 1986 963 2090 absorpto
972 2005 1008 2064 et
1022 2015 1089 2092 per

159 2101 337 2177 intestina
353 2107 535 2180 diarrhoea
549 2109 674 2184 critica
687 2111 879 2182 evacuatis.

209 2325 270 2420 Sp.
287 2321 323 2396 6.
348 2323 537 2398 Diarrhoea
554 2329 792 2400 Eretdietico.

210 2545 348 2618 Fluxua
369 2548 509 2618 ventris
525 2569 569 2619 ox
584 2544 829 2618 irritabilitate
846 2543 1015 2618 morbosa
1032 2545 1088 2616 in·

159 2668 382 2739 testinorum
396 2679 553 2739 connata
573 2665 631 2739 vel
648 2667 827 2764 acquisita
842 2719 852 2754 ‚
867 2680 933 2738 aut
949 2691 995 2738 ex
1008 2667 1088 2738 irri-

159 2797 326 2856 tamento
338 2786 593 2858 intestinorem
606 2784 773 2857 chemino
786 2783 843 2857 vel
856 2783 1089 2876 mechanico,

158 2920 227 2977 aut
248 2905 400 2978 demum
428 2931 473 2978 ex
492 2907 692 2980 secretione
710 2903 879 2978 morbosa
898 2927 1088 2994 vasorum,

158 3038 226 3098 aut
239 3023 499 3124 glandularum
524 3025 658 3100 canalis
680 3021 922 3114 intestinalis,
946 3023 1004 3096 vel
1024 3022 1087 3094 he-

158 3145 573 3242 patisautpaucreatis,
598 3158 713 3216 ortus.

197 3415 248 3498 (⁸)
269 3417 343 3477 Haec
356 3417 504 3482 diarrhoea
515 3413 641 3475 rollioite
652 3412 859 3493 distinguenda
871 3420 915 3470 eet
925 3431 942 3468 a
952 3411 1086 3490 dysente-

160 3515 207 3574 ria
213 3514 401 3574 rheumatica
410 3535 461 3574 seu
475 3513 686 3573 rheumatismo
697 3509 915 3570 intestinorum.
931 3507 1087 3583 (Rheuma

162 3625 271 3694 gartroa
283 3615 385 3696 Gal.);
396 3614 562 3706 praeprimis
573 3634 643 3678 cum
654 3609 996 3694 &nugamentorum
1009 3609 1089 3682 male

163 3713 331 3780 confundit.
707 3718 714 3731 ·
929 3719 932 3728 ’

860 3809 893 3882 Q
919 3802 968 3886 3'
