2876 4940
401 462 696 538 rRAErsrm.
992 489 1017 542 r

116 599 213 700 elapso
237 603 435 700 acquisita,
458 617 627 675 naturam
652 615 689 674 et
722 623 846 674 causas
870 581 1015 678 morbo·
1054 690 1055 693 Ἴ

118 745 182 790 rum
200 719 438 809 illustrantia,
462 721 524 792 hic
547 720 618 793 sub
647 745 727 792 uno
749 723 855 819 quasi
874 723 1021 796 intuitu

118 841 302 931 exhibendi,
316 843 443 939 sicque
457 840 593 913 limites
607 842 712 928 artis,
729 855 915 937 quantum
930 855 1017 914 tem·
1057 823 1064 836 ⁰

116 981 184 1053 pora
201 951 454 1056 permittunt,
479 956 755 1056 quodammodo
782 957 1017 1030 extendendi.

142 1081 209 1150 Haec
221 1081 363 1169 omnia,
374 1079 509 1176 partim
523 1079 565 1148 in
583 1075 902 1149 obseruationibus
913 1101 1020 1174 gened
1086 1115 1089 1122 .

116 1195 350 1297 salibus,quas
360 1195 535 1270 classibus
546 1210 582 1267 et
592 1194 789 1268 ordinibus
801 1196 1019 1269 morborum

114 1315 248 1410 prafiri,
277 1319 413 1434 partim
440 1319 479 1387 in
497 1314 744 1388 delineatione
770 1316 1021 1389 characterum

116 1457 267 1529 generum
286 1451 323 1507 et
345 1437 551 1533 specierum
572 1436 757 1508 annotavi.
779 1435 1022 1535 Hypothetica

115 1555 233 1642 onnia,
255 1577 298 1624 ac
311 1552 508 1644 theoretica
519 1575 607 1649 vaga
619 1552 764 1652 ubique
777 1569 882 1624 caute
895 1555 1023 1649 rejeci,

115 1682 141 1736 et
164 1669 371 1768 dogmatum
397 1668 606 1741 scholarum
639 1671 797 1741 omuino
829 1671 1022 1759 incurius,

116 1787 211 1876 nihil,
236 1805 279 1860 ut
297 1813 428 1886 spero,
455 1787 563 1860 ullibi
581 1787 740 1874 admisi,
764 1789 836 1857 uisi
857 1787 1024 1860 observa·

117 1907 257 1980 tionibus
273 1911 407 1981 exactis
424 1923 460 1980 et
472 1907 734 2008 experimentis
751 1905 1024 2006 multiplicibus

116 2027 209 2121 probe
226 2028 443 2103 stabilitum.

152 2133 188 2216 ln
215 2145 502 2218 denominandis
529 2144 728 2234 classibus,
753 2146 951 2218 ordinibus
980 2173 1022 2220 ac

113 2265 287 2360 generibus
308 2264 526 2336 morborum
547 2265 701 2335 nomina
720 2287 831 2360 graeca
845 2263 1024 2355 adhibui,

114 2382 208 2476 probe
230 2407 428 2482 persuasus
449 2381 615 2481 linguam
636 2395 787 2481 graemm
816 2405 891 2478 prae
918 2381 1025 2452 omni

115 2497 170 2570 alia
186 2501 271 2574 huic
289 2507 400 2604 scsopo
420 2501 650 2600 respondere.
677 2500 831 2572 Ubertas
859 2515 896 2572 et
925 2500 1025 2573 ilexi·

116 2617 182 2692 litas
198 2622 301 2717 ejus,
317 2622 482 2720 linguam
507 2619 659 2691 latinam
689 2618 799 2716 longe
822 2643 1026 2716 superans,

115 2740 279 2835 praecipue
310 2739 350 2808 in
383 2736 669 2809 denominandis
701 2735 927 2833 generibus,
959 2736 1027 2808 ubi

116 2858 276 2927 exactiore
294 2853 513 2926 defiuitione
526 2869 563 2924 et
578 2853 774 2950 saepissime
790 2851 1029 2951 comprehen-

117 2973 201 3046 sione
211 2999 254 3046 ac
264 2967 482 3046 collectione
492 2975 660 3072 plurium
674 2972 841 3044 idearum
852 2975 892 3044 in
905 2997 1027 3044 unum

116 3093 253 3164 re'rbum
286 3093 517 3191 requiritur,
544 3095 685 3192 optime
713 3094 834 3164 servit.
869 3093 1030 3164 Nomina

117 3207 222 3306 itaque
232 3212 389 3307 antiqua
403 3213 567 3282 aGraecis
580 3213 742 3298 inventa,
759 3221 1029 3306 quac-naturam

117 3341 145 3396 et
165 3329 407 3402 characterem
429 3331 551 3402 morbi
572 3330 648 3401 dati
671 3344 767 3400 recte
789 3326 1030 3425 exprimunt,

109 3441 241 3544 ¹ubique
255 3449 416 3537 retinui,
431 3463 466 3526 ct
480 3452 519 3521 iu
534 3448 659 3520 eadem
671 3458 759 3518 cum·
771 3445 844 3517 illis
854 3439 1032 3542 significa·

118 3561 203 3634 tione
223 3590 369 3664 semper
392 3567 573 3658 adhibui;
604 3566 666 3640 sed
694 3565 847 3636 nomina
863 3575 1031 3633 veterum
1133 3617 1144 3628 .

119 3703 206 3776 eque
220 3709 263 3756 ac
280 3690 529 3760 recentiorum
547 3741 557 3775 ,
585 3690 659 3759 sive
673 3707 782 3784 graeca
805 3685 881 3753 sive
896 3680 1033 3770 latina,

120 3821 193 3900 saga
214 3819 281 3882 aut
302 3831 493 3880 erroneam
519 3806 573 3878 rei
593 3805 711 3878 ideam
734 3799 1035 3902 suppeditantis,

795 3948 821 3995 a
838 3945 883 4016 ιι]
