2926 4942
380 444 484 540 xxxvj
644 439 1031 548 Juuaonucrlo

379 623 485 708 nuit,
514 621 623 692 etiam
649 619 715 690 has
729 617 941 692 functiones
961 617 1059 689 laesas
1076 615 1225 690 morbos
1240 641 1305 716 ap·

376 758 551 858 pellandi.

407 971 574 1062 ‘SANITAS
595 975 648 1030 est
662 957 826 1029 conditio
851 957 1015 1052 corporis
1029 953 1199 1026 animalis
1212 957 1309 1048 vivi,
1410 955 1415 963 “

376 1101 538 1170 actiones
556 1121 620 1167 seu
643 1094 855 1181 functiones
873 1092 944 1163 sibi
960 1095 1128 1190 proprias
1143 1095 1233 1184 rite,
1263 1093 1304 1166 id

376 1254 450 1327 est,
477 1261 561 1308 cum
586 1233 779 1323 facilitate,
807 1231 1075 1306 oblectamento
1090 1247 1127 1303 et
1141 1233 1303 1333 quadam

374 1373 578 1444 constantia
596 1367 800 1441 exercendi.

426 1569 666 1641 AEonrruno
684 1543 747 1636 seu
762 1567 946 1636 Morsus
958 1578 1012 1634 est
1028 1577 1143 1636 status
1154 1567 1302 1637 sanitati

377 1707 591 1805 oppositus3
623 1723 687 1772 seu
714 1714 831 1770 status
855 1698 1057 1770 solidorum
1080 1715 1145 1772 aut
1166 1679 1301 1772 fluido·

370 1868 457 1927 rum
474 1840 532 1913 vel
550 1841 604 1912 vis
622 1841 704 1912 vitae
724 1840 847 1910 activae
869 1837 1073 1927 abnormis,
1090 1836 1301 1911 functiones

368 1979 516 2052 laedens.

418 2173 578 2247 Effectus
598 2173 713 2270 hujus
729 2189 844 2248 status
868 2173 1057 2248 abnormis
1079 2177 1118 2247 in
1143 2202 1297 2276 corpore

367 2328 586 2411 apparentes
626 2317 868 2386 Srrrrromara
911 2314 1166 2412 appellamus3
1212 2343 1296 2416 quae

367 2455 492 2550 itaque
513 2468 603 2524 sunt
623 2452 867 2550 phaenomena
889 2477 954 2523 seu
973 2453 1167 2550 qualitates
1188 2459 1297 2529 sensi-

367 2589 459 2660 biles
477 2591 642 2686 corporis
659 2589 829 2660 animalis
855 2614 876 2659 a
893 2590 1048 2662 sanitate
1065 2591 1297 2684 recedentes,

364 2759 386 2805 a
400 2734 542 2805 medico
557 2748 622 2804 aut
633 2734 680 2804 ab
700 2732 952 2823 adstantibus,
972 2734 1030 2808 vel
1047 2735 1094 2807 ab
1108 2761 1202 2836 aegro
1213 2763 1296 2835 per·

365 2889 486 2970 ceptae.
502 2879 622 2945 Omne
634 2873 906 2972 phaenomenon
921 2899 941 2944 a
956 2877 1109 2947 sanitate
1121 2878 1294 2949 recedens

366 3013 535 3085 abnorme
549 3039 558 3100 ;
575 3026 611 3081 et
627 3012 841 3108 oppositum
859 3013 938 3108 ejus
949 3020 1112 3089 normale
1122 3016 1291 3091 dicimus

364 3278 367 3286 ,
415 3215 664 3304 symptomata
685 3232 772 3280 cum
791 3223 887 3282 statu
912 3215 1077 3309 corporis
1102 3217 1295 3308 morboso,

364 3359 408 3416 ut
419 3343 570 3414 effectus
586 3368 672 3414 cum
684 3368 792 3414 causa
806 3345 999 3418 cohaerent.
1014 3347 1186 3436 Quaedam
1200 3369 1292 3424 sunt

362 3481 514 3556 effectus
528 3481 649 3552 morbi
664 3484 800 3579 ipsius3
813 3482 884 3554 alia
902 3498 992 3554 sunt
1003 3482 1153 3556 effectus
1167 3512 1289 3560 causa·

360 3647 446 3692 rum
459 3620 695 3711 morborum,
707 3638 743 3692 et
756 3621 823 3694 alia
839 3622 1000 3720 denique
1011 3622 1291 3726 effectussymp·

359 3773 544 3832 tomatum
556 3757 690 3831 morbi.
703 3763 956 3856 Symptomata
968 3762 1007 3832 iu
1020 3763 1160 3838 morbis
1168 3764 1289 3840 obser·
