2908 4938
376 477 460 558 neo
585 474 661 544 cn.
685 469 736 538 11.
761 465 1120 556 ursncnnrsns,
1171 503 1174 517 ›

387 629 420 718 β.
447 624 476 693 A
492 613 660 716 plethora
677 605 837 707 generali
853 605 910 677 vel
928 609 1048 704 topica
1064 609 1319 712 (Plathoricaia

271 741 273 748 ’
386 775 416 839 y.
443 743 473 808 A
490 729 670 830 sanguine
691 751 735 797 ex
748 725 858 795 variis
872 725 990 810 causis
1006 723 1192 796 rarefacto.

377 865 414 934 -δ,
441 849 669 948 Asanguine
694 843 825 938 majori
847 843 884 912 vi
911 843 950 912 in
976 849 1058 914 'vasa
1081 844 1256 943 impulso.

386 1011 410 1053 ε.
439 977 475 1052 A
492 971 578 1046 crisi
598 965 720 1039 febrili
739 966 929 1054 (critica).
1020 1047 1024 1060 ι

385 1109 413 1183 ζ.-
440 1095 472 1164 A
489 1086 676 1160 debilitate
695 1082 968 1154 extremitatum
987 1083 1205 1154 arteriarum
1232 1082 1313 1180 (A-

436 1203 632 1301 sibenica).

320 1332 324 1358 ¹
384 1369 412 1419 η.
441 1337 472 1401 Α
500 1324 692 1424 sanguinis
708 1321 949 1394 dissolutione
973 1322 1166 1412 morbosa,
1197 1337 1240 1393 ut
1271 1323 1311 1394 in

435 1446 738 1550 septorrhepyra‚
759 1442 909 1540 peliosi,
927 1442 1099 1515 soorbuto
1119 1457 1187 1516 etc.

384 1584 419 1646 9.
446 1569 502 1641 Ab
512 1559 813 1658 evacuationibus
823 1561 1014 1658 sanguinis
1027 1560 1212 1660 consuetis
1222 1575 1311 1657 sup-

434 1685 566 1788 pressis
586 1678 795 1778 (Vinaria).

343 1813 351 1834 ·
437 1855 498 1946 Sp.
530 1870 560 1916 1.
584 1837 853 1934 Haemorrhagia
879 1839 1052 1912 Narium.

433 1999 630 2102 Sanguinis
640 1993 870 2095 profluvium
886 1995 1047 2064 activum
1069 2018 1111 2064 ex
1130 2019 1218 2068 nare
1232 2021 1313 2070 uno

298 2170 300 2174 ·
373 2125 441 2200 ⁴vel
460 2138 638 2217 utroque;
660 2113 767 2186 dolor
783 2111 840 2185 vel
856 2113 1010 2210 gravitas
1026 2113 1173 2210 capitis3
1193 2113 1312 2186 rubor

383 2245 488 2320 faciei
514 2255 551 2313 et
569 2236 764 2310 oculorum
789 2259 799 2321 3
839 2233 995 2304 sensatio
1017 2230 1231 2328 repletionis
1251 2234 1312 2306 vel

371 2358 607 2436 vtitillationis
629 2356 669 2425 in
701 2349 872 2440 naribus3
894 2349 1055 2448 pulsatio
1077 2347 1252 2448 frequens
1271 2367 1312 2424 et

327 2565 329 2572 Ι
383 2480 489 2552 fortis
502 2467 640 2548 arteriae
656 2468 877 2567 temporalis.

383 2627 464 2693 Srr.
480 2610 750 2707 Rhinorrhagia
760 2608 960 2704 sanguinea
971 2609 1013 2708 (a
1025 2635 1078 2710 gr.
1092 2601 1155 2703 Po,
1165 2611 1310 2712 nasus)

480 2727 760 2824 Rhinorrhagia.
780 2729 932 2822 Ploucq.

478 2850 666 2950 sputans.
700 2849 748 2921 V.
771 2859 807 2916 et
830 2848 926 2920 cuti.
1005 2829 1010 2842 ’

429 3016 481 3090 Α.
507 2999 655 3082 Violent
671 3003 860 3104 bleeding,
877 3027 920 3076 or·
941 3004 1189 3110 haemorrhage
1209 3010 1310 3086 from

424 3173 426 3178 ·
512 3127 592 3202 ¹the
616 3151 714 3200 nose.

431 3257 476 3330 G.
503 3245 765 3343 Hemorrhagie
793 3243 845 3315 du
869 3269 947 3316 nez.
980 3237 984 3249 ’

433 3377 498 3446 Ge.
509 3367 668 3466 Hestiges
684 3364 944 3438 Nasenbluten.

430 3555 473 3627 V
469 3569 601 3626 Amr
613 3575 685 3646 pro
700 3573 816 3618 causa
829 3558 966 3618 remota
973 3601 989 3634 ,

370 3745 372 3754 ,
426 3682 476 3748 Ut
493 3673 762 3782 Haemorrhagia
781 3672 820 3742 in
836 3696 987 3770 genere,
1010 3696 1050 3743 ao
1067 3689 1260 3774 praeterea:

376 3868 404 3910 α.
430 3830 484 3904 Ab
502 3828 707 3902 irritatione
722 3827 842 3925 topica
866 3828 1027 3901 narium.
