2908 4938
258 501 261 516 ,
359 432 403 501 ο.
427 431 455 499 1.
481 428 831 507 arotnnosns.
991 437 1061 544 ¹93

133 575 167 641 Β.
187 555 241 640 lb
263 563 338 636 acri
353 589 584 664 quocunque
599 591 644 642 ex
660 583 774 642 massa
792 572 996 656 humorum
1015 581 1062 658 ad

183 685 339 756 vesicam
360 683 539 781 deposito.

137 827 157 878 t.
181 804 243 878 ‘Ab
262 802 410 876 acribus
426 819 574 878 externe
589 806 792 905 applicatis.

191 993 256 1086 Sp.
288 1010 342 1057 ro.
367 984 655 1083 Blennorrhagia
674 983 802 1080 Recti,
818 997 880 1066 vel
898 997 992 1070 Ani.

188 1147 893 1264 Excretiomateriaealbae'chylilormis,
910 1191 1070 1252 autmu-

142 1311 233 1360 cosae
254 1283 475 1384 purisorr'nis
485 1309 529 1355 ex
541 1307 636 1375 ano,
656 1283 872 1384 frequenter
886 1311 923 1366 et
945 1298 1071 1373 subito

142 1432 298 1506 urgens,
323 1405 550 1505 quandoque
565 1408 665 1478 striis
687 1413 900 1506 sanguineis
922 1434 1073 1512 notatae,

142 1552 232 1600 cum
251 1542 437 1615 tenesmo,
464 1540 501 1596 et
523 1549 824 1624 marasmopyra,
853 1533 1074 1614 subsistente

141 1647 352 1719 excretione
373 1641 503 1714 saecum
521 1643 712 1754 'naturali3
733 1649 961 1750 quandoque
988 1684 1076 1732 curn

143 1788 295 1838 cnesmo
320 1762 543 1836 intolerabili
563 1763 611 1873 acl
631 1785 766 1854 anum,
781 1767 840 1841 vel
861 1772 1077 1847 etiamnum

142 1885 296 1982 llysuria
313 1869 350 1954 et
366 1879 492 1954 dolore
507 1880 671 1954 violento
688 1886 820 1957 vesicae.

145 2047 230 2113 Srn.
251 2038 515 2136 Arcborrhagia
540 2063 701 2112 mucosa.
819 2081 823 2090 ·

115 2138 120 2152 ⁹
251 2158 527 2256 Proctorrhagia
546 2181 705 2243 mucosa.

248 2280 409 2354 Architis
424 2276 639 2351 blennodes.

249 2399 418 2472 Proctitis
440 2395 654 2504 blennodes.

254 2517 408 2592 Morbus
425 2517 606 2591 coeliacus.
625 2519 739 2598 Aust.

160 2641 168 2658 ‘
250 2637 405 2712 Morbus
429 2657 604 2712 mucosus
629 2616 837 2737 peculiaris.

575 2763 753 2836 Roederer
766 2775 804 2832 et
818 2761 877 2837 W
873 2766 987 2862 σεῖον.

179 2931 181 2938 ’
210 2939 253 3013 V
248 2961 399 3012 ΛΜΗ
419 2964 488 3034 pro
508 2963 624 3030 cansa
640 2951 804 3012 remoto:

148 3147 186 3188 α.
213 3095 242 3186 l
264 3113 356 3186 vitio
373 3112 554 3213 peculiari
575 3109 797 3184 membranae
814 3137 971 3186 mucosae
990 3118 1089 3188 recti.

149 3235 189 3331 β.
219 3234 273 3310 Ab
284 3219 479 3307 arthritide
490 3226 717 3305 rheumatica
728 3232 987 3304 retrocedente.

151 3390 189 3455 y.
219 3361 246 3428 l
263 3355 424 3454 podagra
440 3353 644 3426 aberrante.

151 3480 186 3548 δ.
216 3489 246 3546 Α
262 3476 347 3546 viru
360 3471 574 3572 syphilitieo
585 3485 684 3544 recto
696 3469 754 3544 vel
763 3494 836 3541 ano
848 3468 1042 3568 applicato.

138 3578 185 3669 s.
213 3599 242 3664 A
258 3594 344 3664 viru
359 3591 568 3691 herpetico,
581 3589 699 3664 aliove
713 3592 788 3662 acri
805 3589 1015 3662 immediate
1031 3615 1092 3690 apo

139 3700 144 3726 ¹
174 3767 177 3772 .
215 3710 376 3810 plicato,
395 3711 515 3786 velex
530 3736 646 3788 massa
664 3709 870 3786 humorum
887 3709 933 3784 ad
949 3728 1092 3794 rectum

166 3863 169 3866 ·
215 3833 273 3905 rel
293 3857 410 3908 anum
428 3831 607 3932 deposito
