2870 4938
787 326 792 374 l
943 328 946 336 ¹
1244 349 1246 358 .

379 423 452 496 300
504 425 572 496 CL.
586 427 645 494 111.
659 426 906 514 DYSERETH.
917 427 974 494 ET
988 425 1187 496 DYsAEST.

379 571 413 634 Β.
432 561 489 633 ab
501 565 809 640 excessureneris
822 590 830 634 τ
843 565 952 636 Coitu
971 567 1106 656 nimio,
1121 565 1307 666 anaphlasi

427 699 492 754 aut
508 682 767 781 aselgotripsia.

378 838 398 877 t.
431 801 610 901 Avigiliis
624 805 763 876 nimiis.

378 955 405 995 κ.
431 923 462 994 A
477 915 599 995 nimio
614 924 779 1024 corporis
796 925 979 994 exercitio.

378 1053 405 1116 λ.
433 1049 464 1118 A
482 1047 597 1115 nimia
619 1035 754 1116 mentis
772 1045 992 1115 intentione.
1069 1031 1077 1045 ⁴

378 1195 411 1258 μ.
434 1162 492 1234 Ab
504 1165 621 1234 animi
635 1162 909 1265 pathematibus
920 1163 1224 1253 vehementibus,
1240 1189 1309 1234 ma·
1423 1159 1424 1184 ¹

397 1307 400 1315 ·
430 1289 528 1355 xime
542 1299 666 1370 metu,
682 1281 860 1367 moerore,
879 1299 1038 1373 terrore,
1054 1286 1127 1374 ira,
1142 1299 1208 1356 aut
1224 1283 1310 1355 desi·

267 1485 273 1502 ·
430 1402 533 1473 derio
547 1403 694 1476 intenso
708 1426 786 1472 non
800 1400 995 1476 satisfacto.

314 1575 320 1603 ‚v
382 1554 407 1596 ν.
434 1520 491 1591 Ab
519 1519 750 1591 incremento
778 1522 943 1617 corporis
967 1519 1117 1609 subito,
1151 1536 1312 1620 tempore

433 1639 648 1736 pubertatis.

383 1765 409 1844 ξ.
436 1762 594 1832 Asenio.

383 1913 408 1952 ο.
439 1879 493 1954 ab
503 1880 623 1952 abusu
637 1882 945 1978 spirituosorum,
968 1879 1174 1953 aliorumve
1186 1881 1313 1952 stimu·
1426 1921 1427 1924 π

431 1999 603 2070 lantium.

381 2153 414 2194 π.
434 2116 491 2189 Ab
500 2117 619 2189 abusu
638 2119 715 2214 opii
729 2118 966 2216 aliorumque
982 2121 1267 2190 narcoticorum.

380 2272 409 2339 ρ.
436 2236 761 2309 Astimulantibus
789 2237 897 2310 solito
921 2233 1138 2310 fortioribus
1160 2237 1219 2311 vel
1236 2237 1316 2310 lon·

433 2360 526 2455 giori
542 2373 708 2454 tempore
721 2359 999 2429 administratis.
1067 2392 1070 2401 ·

383 2511 412 2550 σ.
438 2485 466 2548 Α
489 2480 642 2548 venenis
667 2479 835 2574 ingestis,
854 2477 912 2550 vel
936 2478 1009 2549 alio
1034 2476 1147 2550 modo
1171 2477 1318 2574 corpori

432 2597 643 2694 applicatis,
657 2621 740 2694 quae
754 2601 946 2699 sanguinis
963 2597 1247 2670 dissolutionem
1261 2622 1320 2668 su·

432 2717 537 2804 bito,
564 2717 621 2787 vel
642 2716 821 2814 gradatim
849 2717 1050 2789 inducunt.

382 2869 409 2909 a.
435 2843 464 2907 A
479 2836 696 2908 substantiis
710 2839 878 2935 ingestis,
892 2836 950 2908 vel
959 2837 1032 2908 alio
1043 2836 1155 2914 modo
1172 2835 1320 2931 corpori

428 2955 641 3054 applicatis,
675 2983 757 3053 quae
786 2956 946 3030 fluidum
970 2980 1147 3028 nerveum
1176 2953 1321 3026 exhau-
1428 3029 1429 3040 ,

388 3153 393 3166 Ι
431 3079 555 3147 riunt:
571 3080 855 3149 Huomiasmata
872 3091 909 3147 et
921 3073 1070 3147 effluvio
1082 3077 1191 3146 noxia
1201 3075 1322 3158 varia,

432 3211 566 3267 ventus
580 3202 725 3270 Siroooo
738 3197 882 3285 dictus,
906 3211 1014 3266 aestus
1031 3197 1191 3280 nimius,
1206 3192 1325 3291 frigus

434 3319 636 3386 intensum.

384 3468 413 3505 v.
439 3440 469 3506 Α
484 3439 569 3507 crisi
585 3434 707 3507 febrili
722 3437 925 3535 praegressa.

386 3583 417 3649 φ.
438 3557 469 3622 A
487 3553 613 3627 dolore
632 3555 796 3633 violento
810 3553 868 3627 vel
885 3553 1029 3628 diutius
1044 3553 1215 3627 durante.

301 3697 306 3700 ·
387 3705 417 3778 χ.
441 3676 1043 3780 Aconvulsionibus,utptarmo,
1058 3673 1332 3772 hyperemesia,

436 3796 611 3904 epilepsia
628 3813 694 3870 etc.
713 3799 858 3872 diutius
874 3794 1221 3894 continuantibus„
