2900 4942
400 507 450 590 44
654 509 728 578 cn.
752 507 781 579 1.
806 489 1077 600 eranum,

398 665 473 732 aut
487 647 618 734 instar
632 677 771 734 arenae
783 649 995 733 crassioris
1011 648 1154 732 mixta.
1182 647 1326 754 Quan-

399 778 541 892 doque
551 779 679 865 simul
692 780 817 864 urina
831 779 1021 891 copiosa,
1036 794 1322 891 transparens,

394 889 499 994 ‘cnm
517 909 774 1022 pinguedine
789 908 883 994 telae
901 939 1067 1024 araneae
1075 905 1226 1010 simili,
1251 921 1325 991 aut

399 1041 569 1125 turbida
597 1040 854 1158 suscensens?
872 1039 945 1125 vel
964 1070 1063 1124 cum
1085 1037 1323 1122 sedimento

399 1167 642 1256 furfuraceo
654 1197 667 1275 ,·
688 1200 863 1258 mucoso
875 1203 889 1279 3
915 1167 1324 1284 velhyperhidrosis

322 1399 323 1406 Ν
398 1300 561 1384 viscida
577 1299 746 1406 foetida,
763 1332 862 1386 cum
880 1301 1015 1384 subita
1029 1300 1155 1383 totius
1171 1327 1325 1411 corpo·

398 1431 457 1516 ris
474 1433 759 1517 emaciatione.
783 1432 966 1517 Morbus
987 1463 1040 1516 ex
1059 1431 1325 1545 decomposi-

399 1563 516 1648 tione
546 1561 734 1648 chemica
759 1594 906 1648 massae
934 1563 1147 1678 sanguinis
1177 1580 1321 1662 ortus,

400 1693 500 1782 sine
521 1695 627 1781 vitio
660 1695 836 1807 gastrico
851 1759 866 1800 ,
894 1694 1113 1806 paullatim
1141 1709 1324 1779 mortem

398 1825 617 1912 inducens.

444 2023 507 2118 Sp.
530 2044 559 2091 1.
576 2023 1090 2120 SynteeopyraIdiopathica.
1123 2065 1127 2074 ·

445 2217 596 2292 Febrem
610 2219 883 2318 colliquativam
897 2223 1111 2320 primariam
1126 2243 1191 2294 seu
1202 2245 1323 2295 essen·

398 2357 521 2431 tialem
542 2359 746 2434 observavit
761 2363 972 2436 Burserius.
986 2365 1043 2435 An
1059 2359 1170 2435 febris
1181 2365 1322 2462 tropica

398 2485 587 2554 veterum?

444 2681 506 2774 Sp.
528 2701 561 2747 α.
576 2681 824 2776 Syntecopyra
844 2683 1143 2778 Symptomnrieae

444 2856 693 2954 Synteeopyra
704 2879 790 2928 cum
804 2854 968 2928 febribus
980 2857 1187 2945 continuis,
1201 2857 1324 2927 remit-

397 2975 647 3065 tentibus,vel
660 2976 992 3050 intermittentibus
1007 2978 1153 3074 juncta,
1164 2991 1230 3049 ant
1249 2977 1324 3048 illis

397 3096 595 3170 succedens
609 3098 665 3187 (¹⁴).
1070 3103 1072 3110 “

433 3442 444 3514 (
458 3439 473 3473 *
484 3442 494 3512 )
505 3440 707 3520 Synteeopyra
718 3439 896 3520 idiopethiee
905 3438 1097 3499 essentialiter
1104 3435 1231 3496 differta
1242 3435 1325 3515 Syn·

394 3546 535 3614 teeopyn
555 3538 798 3617 symptometiee,
818 3548 922 3618 utpote
931 3549 943 3611 ,’
953 3538 987 3597 in
1001 3556 1060 3614 qua
1071 3533 1251 3616 posteriore,
1273 3555 1325 3594 aa·

393 3637 503 3707 bum,
513 3635 547 3693 in
558 3635 662 3714 primis
676 3635 883 3712 viis-collecte,
898 3656 973 3716 eope
982 3634 1143 3695 catharus·
1153 3634 1281 3713 repetite
1291 3643 1323 3692 et

393 3735 464 3828 elain
485 3733 655 3796 roborantia
675 3735 790 3816 poscit3
804 3755 870 3820 que
886 3737 973 3800 ambo
994 3733 1144 3814 inprimi
1166 3732 1321 3798 andater

268 3847 275 3862 '
394 3843 512 3897 nocent.
