2926 4942
342 455 398 551 ⁴vj
579 419 581 426 ’
677 445 974 532 armanno.

360 588 528 690 sineulla
542 586 769 662 haesitatione
787 587 920 682 rejeci,
935 586 1081 686 aliaque
1099 611 1194 662 nova
1205 612 1295 662 eon·

360 713 457 799 didi,
473 708 637 784 indolem
651 707 870 786 morborum
884 709 1072 783 variorum
1089 709 1225 782 rectius
1236 733 1296 782 ex·
1366 696 1372 705 ’

361 831 576 932 primentia.
586 834 759 903 Praeterea
768 827 814 900 ad
827 828 1013 902 sinistram
1026 830 1296 926 interpretatio-

362 973 449 1040 nem
463 971 614 1020 omnem
626 945 857 1036 evitandam,
879 943 1099 1020 nominibus
1113 971 1293 1044 generum

361 1069 506 1164 ubique
520 1064 698 1140 vocabula
724 1067 803 1164 ipsa
820 1090 961 1164 grum,
988 1091 1195 1163 eorumque
1216 1080 1294 1161 ety-

326 1173 329 1180 ’
362 1187 563 1285 mologiam
589 1209 676 1256 cum
701 1186 857 1258 nomine
872 1184 989 1258 latino
1010 1184 1198 1280 subjunxi.
1211 1189 1296 1256 Post

362 1305 607 1407 characterem
626 1306 770 1402 generis
782 1303 934 1393 datum,
950 1327 1155 1399 synonyma
1171 1304 1296 1401 pamni-

362 1451 440 1525 pua
457 1424 505 1496 ab
529 1409 744 1498 auctoribus
771 1422 1035 1496 celebrioribus
1061 1424 1218 1511 usitata,
1251 1449 1294 1496 ao

362 1545 498 1619 deinde
515 1547 625 1616 etiam
652 1566 790 1616 nomeu
805 1542 927 1616 morbi
943 1542 1163 1639 Anglioum,
1182 1542 1294 1614 Galli-

363 1688 451 1736 cum
466 1678 503 1734 et
515 1646 778 1734 Germanicum
790 1660 917 1756 adjeci.
929 1663 973 1731 In
985 1659 1295 1758 denotandisspe·

364 1782 492 1856 ciebus
506 1797 543 1854 et
559 1779 797 1857 varietatibus
812 1778 1030 1851 morborum
1047 1779 1226 1852 terminos
1243 1777 1294 1850 la·

361 1904 485 1991 tinos,
509 1895 556 1970 ad
582 1898 749 1970 studium
775 1897 974 1996 Nosologiae
991 1896 1187 1993 tyronibus
1208 1895 1294 1970 faci·

363 2017 438 2090 lius
455 2014 708 2104 reddendum,
731 2015 890 2112 praetuli.

408 2135 519 2228 ‘Ratio
532 2157 708 2230 europus
725 2133 850 2204 hocin
865 2132 992 2229 lingua
1010 2147 1156 2206 mortua
1167 2134 1293 2230 potius

364 2260 478 2350 qnam
497 2254 538 2324 in
551 2249 748 2326 vernacula
761 2253 1005 2344 exaraverim,
1023 2255 1128 2326 omni
1149 2251 1294 2324 medico

363 2372 548 2444 instructo
572 2368 677 2441 facile
704 2368 873 2442 elucebit.
897 2371 1049 2467 Linguae
1071 2372 1160 2442 vivae
1177 2373 1217 2442 in
1234 2396 1293 2470 ge·

363 2511 452 2559 nere
466 2487 580 2560 nimis
595 2512 692 2585 vagae
706 2501 819 2574 sunt,
843 2501 879 2558 et
895 2504 1082 2586 perpetuae
1093 2491 1294 2562 mutationi
1345 2511 1348 2518 ·

361 2605 555 2702 subjectae,
570 2605 668 2678 nihil
682 2607 768 2677 satis
780 2603 846 2676 fixi
862 2620 899 2677 et
911 2609 1025 2678 exacti
1037 2603 1196 2698 habent,
1215 2633 1294 2707 quo

236 2733 238 2737 ’
363 2750 475 2825 soopo
490 2724 694 2802 scientifico
711 2725 944 2799 medicosese
959 2727 1232 2804 commendent.
1278 2773 1282 2786 ι

413 2849 496 2916 Haec
514 2845 731 2918 morborum
748 2843 1027 2937 nomenclatura
1043 2871 1064 2918 e
1081 2862 1232 2938 contra,
1257 2865 1295 2922 et

362 2963 562 3062 descriptio
578 2989 722 3052 severa,
740 2967 802 3038 oui
819 2989 879 3036 me
894 2965 1098 3056 adstrinxi,
1127 2993 1214 3040 oum
1230 2994 1292 3040 no·

362 3082 591 3156 menolatum
611 3085 839 3174 systematica
853 3083 1112 3158 botanicorum
1129 3141 1140 3177 ‚
1156 3102 1193 3160 et
1208 3088 1291 3183 phi·

361 3201 551 3301 losopbiea
577 3203 831 3278 chemicorum
862 3207 1111 3282 recentiorum
1138 3206 1293 3301 juncta,

364 3320 532 3418 linguam
559 3322 767 3416 medicam,
790 3349 872 3398 mea
895 3327 1098 3425 opinione,
1127 3329 1294 3398 exomni

362 3452 466 3534 parte
495 3443 611 3538 magis
636 3459 842 3517 accuratam
868 3459 904 3518 et
928 3441 1126 3541 perfectam
1153 3449 1292 3544 suppe-

336 3554 464 3638 uitat.

413 3676 539 3748 Latini
554 3675 713 3756 litteram
735 3682 802 3756 Ca
819 3685 1029 3756 Graecorum
1045 3687 1188 3782 Koppa
1206 3708 1288 3755 mu·

361 3803 507 3870 tuentes
519 3795 762 3898 probabiliter
774 3800 928 3878 eandem
942 3816 985 3876 ut
996 3803 1109 3878 Graeci
1118 3827 1288 3904 proauus
