2900 4942
347 381 858 510 o.11.rnssours1s.
1021 431 1070 520 99

194 624 419 712 Vanum
436 655 509 729 pro
529 655 647 706 eausa
669 648 827 708 reniero:

139 865 171 906 α.
190 836 221 904 Α
236 829 357 904 calore
376 827 523 901 intenso
540 825 799 926 atmosphaeroe.

137 957 170 1046 β
188 955 218 1024 Α
235 950 381 1050 frigore.
664 1043 668 1052 Ι
687 957 693 968 ’

137 1102 167 1168 y.
188 1069 308 1144 Abile
319 1068 523 1140 acrimonia
540 1089 606 1138 sua
618 1065 678 1138 vel
697 1068 803 1168 eopia
820 1070 997 1144 irritante.
1056 1115 1063 1126 x

138 1196 167 1266 δ.
188 1195 220 1264 A
234 1211 430 1290 suppresso
445 1187 551 1260 fluxu
565 1185 875 1262 hemorrhoidali.

136 1343 161 1386 ε.
180 1315 210 1384 Α
227 1308 378 1382 calculis
391 1307 544 1382 biliosis.
558 1303 651 1378 Vide
668 1307 958 1386 Cholelitbiosis.

135 1445 168 1517 ζ.
186 1429 245 1502 ΑΙ)
257 1429 377 1500 animi
394 1423 669 1526 pathematibus
686 1425 869 1502 violentis.

135 1587 167 1636 η.
186 1548 407 1642 uulnere,
435 1547 674 1644 contusione,
698 1552 939 1625 concussione
958 1553 1072 1632 aliare

192 1671 230 1740 ri
246 1683 396 1740 externa
413 1664 558 1766 hepati,
579 1663 638 1738 vel
654 1667 766 1764 capiti
781 1667 891 1743 illata.

134 1793 170 1860 θ.
188 1791 220 1858 Α
237 1784 427 1859 vermibus
451 1787 491 1856 in
512 1781 643 1883 hepate
664 1786 803 1872 (rarior
827 1787 867 1857 in
891 1785 1068 1882 homine,

187 1907 364 2006 frequens
374 1928 579 2016 equorum,
593 1901 709 1975 boum
721 1957 731 1993 ,
743 1906 871 1977 orium
884 1907 1067 2000 morbus).

186 2129 251 2226 Sp.
277 2123 311 2198 3.
336 2125 514 2223 Hepatitis
535 2125 729 2198 Chronica.

185 2343 271 2416 Post
291 2351 537 2442 symptomata
558 2337 772 2438 hepatitidis
787 2353 920 2432 acuta,
950 2363 1066 2442 quan.

130 2455 260 2563 'doque
276 2465 385 2536 etiam
397 2464 477 2534 sine
492 2456 592 2531 febre
608 2473 673 2530 aut
689 2457 770 2530 sine
788 2454 915 2533 dolore
931 2459 1065 2537 violen·

130 2593 174 2658 to
188 2584 411 2683 praegressis,
431 2581 589 2652 sensatio
604 2577 851 2678 plenitudinis
864 2591 900 2653 et
913 2585 1066 2680 gravita-

130 2708 184 2777 tis
195 2707 237 2775 in
249 2698 534 2801 hypoohondrio'
543 2699 687 2788 dextro;
696 2696 803 2771 dolor
809 2723 852 2771 ex
859 2704 1064 2799 pressione,

126 2840 169 2900 et
181 2822 359 2904 decubitu
374 2823 414 2892 in
433 2819 528 2892 latus
543 2819 736 2890 sinistrum
753 2834 896 2892 auctus.
911 2821 1064 2896 Morbus

126 2949 241 3016 Zonae
253 2939 398 3013 torrida
415 2937 609 3036 frequens,
632 2937 743 3012 abile
759 2940 834 3012 aori
855 2941 1002 3040 copiosa
1019 2943 1060 3014 in

125 3051 267 3161 hepate
281 3075 471 3159 stagnante
491 3074 614 3150 ortus,
635 3083 727 3160 saepe
741 3061 782 3130 in
797 3075 983 3160 apostema
997 3061 1059 3136 he·
1097 3067 1100 3072 ’
1182 3125 1186 3134 .

124 3184 228 3281 patis
242 3180 375 3253 lethale
390 3181 604 3252 terminans.

180 3407 244 3501 Spa
264 3399 298 3489 4.
314 3401 503 3501 ΔΗεριιιίῐίει
516 3399 716 3474 Pituitosaa

169 3599 361 3724 'Hepatitis
393 3645 479 3696 eum
504 3551 837 3722 sympotomaitbus
867 3609 1058 3718 phlegma·

123 3771 243 3846 pyrae.

827 3865 859 3945 G
